3200 4984
305 343 370 407 286
668 364 710 408 nn
726 366 848 410 carnus
863 366 1056 411 concinnis.
1259 350 1348 433 [car.
1366 370 1407 414 ir.

346 530 528 615 Respondes
548 530 774 617 distinguendo.
821 532 855 597 Si
877 534 961 597 enim
975 533 1123 599 vocabula
1141 545 1212 600 ante
1233 538 1408 601 creationem

301 642 472 708 referantur
494 652 617 708 tantum
640 644 680 710 ad
703 646 888 710 creationem
911 646 1035 726 facum,
1058 646 1150 712 verba
1172 648 1226 713 illa
1248 649 1408 715 habebunt

300 753 434 840 aliquem
457 778 580 820 sensum
602 778 708 821 verum
729 756 972 843 hypotheticum,
989 767 1020 821 et
1042 757 1261 841 significabunt
1282 769 1407 844 tempus

300 867 423 952 aliquod
445 867 528 953 quod
550 867 611 932 fuit
634 867 786 953 possibile,
811 869 839 933 si
862 878 1000 934 creatura
1022 869 1124 955 aliqua
1145 871 1310 937 exstitisset
1333 883 1406 936 ante

300 978 382 1042 hunc
406 979 568 1043 mundum.
614 979 647 1044 Si
671 1001 742 1043 vero
764 980 911 1045 vocabula
935 980 988 1045 illa
1013 991 1176 1047 sumantur
1196 982 1345 1061 absolute,
1369 993 1406 1049 ut

301 1090 477 1173 significent
499 1100 568 1155 ante
589 1114 701 1155 omnem
722 1094 908 1170 creationem,
922 1102 998 1157 tunc
1022 1093 1143 1158 nullum
1160 1118 1265 1160 verum
1281 1119 1406 1161 sensum

299 1202 410 1267 habere
421 1202 573 1267 videntur.
619 1203 700 1267 Nam
716 1202 816 1267 dicere
830 1212 899 1267 ante
914 1227 1024 1269 omnem
1039 1207 1214 1270 creationem
1227 1215 1275 1271 est
1289 1229 1403 1292 suppo·

298 1336 370 1378 nera
391 1312 515 1398 aliquod
537 1337 614 1378 nnnc
628 1314 726 1379 fluens
748 1314 835 1380 nulla
856 1316 1005 1380 existente
1027 1326 1175 1397 creatura,
1194 1317 1226 1385 id
1248 1328 1295 1383 est
1315 1319 1403 1383 nullo

297 1426 445 1490 existente
462 1425 578 1504 mobili,
593 1434 624 1489 et
646 1448 700 1510 per
722 1448 912 1511 consequens
935 1427 1022 1492 nullo
1043 1428 1192 1494 existente
1214 1441 1319 1495 motu:
1342 1432 1401 1497 hoc

296 1547 399 1604 annm
410 1548 457 1602 est
465 1538 745 1617 contradictorium,
757 1562 855 1624 quum
866 1539 960 1604 fluere
972 1562 1035 1604 nen
1045 1542 1090 1604 sit
1100 1551 1190 1621 stare,
1207 1543 1261 1607 sed
1274 1546 1400 1610 moveri.

296 1652 453 1727 Praeterea,
469 1650 495 1714 si
509 1649 600 1715 verba
622 1658 691 1713 ante
709 1653 885 1714 creationem
899 1650 1015 1716 habeut
1029 1674 1135 1717 verum
1151 1676 1286 1735 sensum,
1302 1678 1399 1740 quum

295 1772 364 1827 ante
380 1763 547 1827 necessario
567 1763 716 1827 referatur
730 1762 770 1826 ad
778 1771 861 1847 post,
878 1785 1000 1827 necesse
1015 1776 1062 1828 est
1077 1765 1175 1832 dicere
1190 1766 1273 1851 quod
1288 1768 1400 1832 creatio

295 1874 355 1939 fuit
362 1883 443 1958 post,
460 1873 506 1938 rel
528 1874 776 1938 saltemnecesse
795 1883 842 1937 est
861 1874 1021 1959 concipere
1040 1876 1223 1941 creationem
1243 1878 1277 1941 ln
1296 1879 1399 1964 aliquo

288 1996 368 2071 post.
416 1986 485 2051 Hoc
499 1994 602 2050 autem
618 1994 664 2049 est
678 1986 857 2065 absurdum,
873 2008 970 2070 quum
990 1987 1102 2051 creatio
1122 1989 1163 2052 sit
1184 1989 1398 2055 determinatio

294 2098 386 2184 primi
399 2122 476 2162 nanc
490 2098 624 2177 fluentis,
640 2105 672 2162 et
686 2097 821 2181 primum
839 2120 902 2161 non
925 2098 966 2162 sit
986 2107 1066 2182 post.
1111 2100 1177 2163 Nec
1191 2101 1271 2165 valet
1288 2101 1398 2181 dicere,

294 2211 377 2296 quod
391 2234 468 2276 nnnc
478 2210 656 2275 aternitatis
672 2208 781 2273 divinae
797 2211 838 2274 sit
853 2210 1005 2274 sufficiens
1015 2211 1252 2279 fundamentum
1267 2213 1307 2277 ad
1321 2214 1396 2280 ima·
1496 2217 1502 2229 '

293 2323 464 2408 ginandum
478 2332 601 2407 tempus
614 2321 741 2385 vimuale
755 2320 961 2387 indefinitum.
1008 2322 1101 2401 Nam,
1111 2346 1207 2408 quum
1218 2334 1341 2411 teinpus
1356 2325 1397 2390 sit

293 2436 493 2500 essentialiter
508 2433 614 2499 relatio
629 2456 683 2518 per
697 2434 783 2518 prius
797 2442 829 2495 et
843 2442 923 2517 post,
939 2432 978 2496 ad
993 2433 1227 2517 imaginandum
1237 2458 1309 2500 cum
1320 2437 1397 2501 veri·

292 2557 356 2612 tate
370 2557 493 2632 tempus
508 2555 579 2610 ante
599 2545 783 2609 creationem
804 2553 957 2629 oporteret
977 2567 1067 2629 posse
1089 2568 1161 2610 cum
1175 2546 1299 2611 veritate
1320 2548 1396 2613 ima-

292 2658 392 2743 ginari
407 2658 554 2722 terminos
568 2656 730 2720 distinctos
744 2665 775 2719 et
789 2655 845 2719 tali
859 2656 1061 2721 fundamento
1076 2657 1116 2721 ad
1131 2657 1259 2722 invicem
1274 2659 1397 2725 relatas.

291 2772 398 2855 Atqui,
410 2771 485 2834 dum
499 2769 630 2833 dicimus
645 2777 713 2832 ante
727 2770 912 2848 creationem,
928 2766 1117 2833 excludimus
1132 2790 1256 2834 omnem
1268 2771 1396 2855 possibi-

290 2883 407 2947 litatem
423 2881 612 2966 imaginandi
626 2904 697 2945 cum
713 2880 841 2945 veritate
854 2880 1002 2944 terminos
1017 2879 1178 2945 distinctos
1186 2906 1196 2959 3
1219 2905 1302 2967 ergo,
1318 2882 1393 2948 dum

291 2994 421 3058 dicimus
441 3002 510 3057 ante
529 2994 713 3069 creationem,
729 3014 765 3055 eo
784 2992 853 3077 ipso
869 2991 1067 3055 excludimus
1088 3014 1180 3056 omne
1201 2994 1394 3073 anteidea

290 3128 439 3187 negamus
460 3103 537 3168 illud
563 3102 646 3189 qnod
670 3103 762 3167 simul
785 3104 981 3167 affirmamus.
1027 3103 1184 3184 Praeterea,
1196 3112 1236 3168 'ut
1259 3129 1329 3170 vera
1351 3108 1392 3171 sit

290 3215 447 3300 conceptio
461 3214 607 3299 temporis
622 3224 694 3278 ante
709 3214 903 3294 creationem,
913 3237 1035 3279 necesse
1045 3225 1093 3279 est
1103 3216 1306 3281 aeternitatem
1320 3241 1393 3283 con·

289 3330 386 3393 tinere
400 3328 433 3391 in
449 3350 504 3391 sua
515 3326 700 3390 virtualitate
711 3349 788 3391 nnnc
798 3327 915 3390 fiucnsa
938 3327 1047 3405 fluens,
1058 3327 1193 3411 inquam,
1203 3351 1267 3392 non
1280 3330 1314 3393 in
1326 3331 1392 3415 ipsa

212 3418 214 3425 Ι
289 3440 465 3518 aeternitate,
482 3460 552 3523 quae
567 3448 613 3501 ast
628 3437 804 3517 immobilis,
821 3438 874 3502 sed
888 3438 922 3500 iu
936 3451 1083 3517 creatura,
1096 3461 1158 3502 uon
1173 3442 1297 3525 quidem
1313 3444 1390 3507 exis-

267 3561 382 3631 ·tente,
395 3551 448 3615 sed
463 3549 641 3633 imaginarie
656 3549 823 3634 supposita.
870 3548 951 3625 Quia
959 3572 1029 3613 vero
1041 3573 1211 3635 supponere
1221 3564 1389 3620 creaturam

287 3674 334 3729 est
349 3686 519 3748 supponere
532 3663 724 3740 creationem,
737 3660 845 3725 saltem
856 3661 1043 3745 imaginarie,
1059 3664 1198 3747 sequitur
1211 3665 1295 3749 quod
1310 3666 1388 3731 illud

286 3800 363 3839 nanc
376 3776 475 3838 fluens
486 3772 696 3858 conciperetur
710 3772 768 3835 snb
784 3771 946 3857 hypothesi
961 3772 1140 3855 imaginaria
1155 3774 1316 3839 creationis
1326 3803 1334 3840 :
1344 3787 1388 3841 ·et

287 3888 330 3951 sic
344 3886 456 3951 falsum
471 3894 550 3949 esset
566 3884 648 3968 quod
663 3894 784 3968 tempus
799 3883 924 3969 aliquod
937 3885 1147 3970 conciperetur
1155 3895 1191 3950 ut
1205 3888 1388 3953 antecedens

197 4050 198 4053 ,
286 3999 470 4063 creationem
485 4019 617 4060 omnem.
651 3996 685 4060 Si
698 3994 823 4059 tandem
839 3996 931 4075 dicas,
944 3997 1018 4060 satis
1032 4019 1108 4076 esse,
1120 3997 1147 4061 si
1161 3998 1194 4061 in
1203 3998 1388 4065 virtualitate

285 4111 461 4176 aeternitatis
477 4110 587 4173 divinae
602 4108 794 4172 contineatur
809 4130 886 4171 nanc
904 4130 967 4171 non
982 4117 1019 4171 ut
1033 4109 1142 4188 fluens,
1159 4110 1213 4174 sed
1228 4119 1264 4175 ut
1279 4121 1387 4196 aptum

285 4224 324 4289 ad
338 4221 506 4300 fluendum,
516 4219 677 4303 negabitur
691 4228 901 4305 assumptum:
924 4242 997 4284 nam
1006 4220 1070 4285 haec
1084 4221 1225 4305 aptitudo
1240 4224 1278 4287 ad
1288 4224 1386 4289 fluen-

285 4334 359 4396 dum
374 4356 470 4417 quum
485 4355 547 4395 non
563 4332 602 4395 sit
626 4332 766 4416 aptitudo
788 4331 871 4396 illius
893 4355 978 4411 nnnc,
994 4340 1030 4396 ut
1045 4343 1092 4396 est
1106 4356 1184 4398 nunc
1197 4338 1385 4417 aeternitatis,
