3200 4984
225 375 296 420 oar.
313 357 370 441 ιι]
595 378 711 423 annun
729 377 963 427 annonarium.
1281 361 1323 422 2?

267 546 320 620 33.
345 544 502 621 Quaeritur
516 567 608 625 nono,
624 545 700 610 made
714 545 987 632 edwmnesormoe
1000 501 1215 610 wurtmulein

268 656 460 740 Respondeo,
486 655 512 721 si
533 657 632 723 forma
654 656 863 725 substantialis
886 665 1026 722 sumatrrr
1047 657 1170 741 precise
1189 664 1221 720 et
1239 655 1326 720 iuxta

226 790 312 842 suam
343 768 553 838 definitionem
578 769 654 852 (qtae
682 769 734 834 dat
752 770 886 852 minum
908 791 982 846 esee,
999 790 1051 832 reu
1072 768 1244 851 simpliciter
1266 790 1328 831 esse

225 881 365 963 materie)
389 902 456 945 eam
477 901 647 963 numquam
669 877 757 948 edrai
779 900 816 946 er
837 877 949 964 aliquo,
965 877 1018 944 sed
1041 899 1160 962 semper
1181 877 1276 942 creari
1293 877 1327 942 in
1398 939 1405 946 .

227 1013 283 1070 sua
297 989 433 1068 materie,
448 998 479 1054 et
494 989 604 1060 melius
618 989 729 1068 adhuc,
744 988 840 1056 creari
853 989 984 1056 formam
1000 989 1073 1055 talis
1089 997 1218 1068 naturae,
1232 995 1268 1053 ut
1291 1011 1328 1054 ex

227 1105 293 1174 eius
303 1101 456 1185 positione
467 1100 594 1167 resultet
605 1099 734 1167 materia
740 1125 751 1179 3
766 1108 797 1166 et
810 1100 853 1165 sic
867 1122 923 1166 ens
936 1100 1091 1168 materiale
1099 1099 1215 1185 poniin
1225 1122 1329 1164 rerum

227 1219 345 1286 nmura.
390 1201 502 1275 Ilorma
525 1211 622 1294 igitur
644 1209 856 1276 substantialis
877 1211 1020 1276 educitur
1040 1234 1078 1275 ex
1097 1211 1195 1275 nihilo
1217 1211 1328 1291 solum,

227 1344 282 1406 per
296 1321 551 1406 omnipotentiam
566 1321 637 1400 Dei,
653 1329 683 1386 et
698 1344 736 1389 er
749 1322 815 1390 eius
832 1322 983 1388 creatione
997 1323 1173 1388 immediate
1197 1323 1328 1387 resultat

228 1433 375 1512 materia3
398 1433 505 1508 eodem
520 1433 612 1506 modo
627 1455 662 1498 ec
671 1433 699 1504 si
708 1433 795 1500 Deus
804 1442 919 1501 crearet
934 1434 1127 1519 superficiem
1139 1434 1330 1519 sphaericam,

228 1567 265 1614 cx
286 1545 379 1617 huius
405 1544 556 1622 creatione
581 1542 756 1615 immediate
780 1543 942 1612 resultaret
968 1552 1118 1610 centrum.
1164 1544 1258 1608 Ratio
1281 1550 1328 1608 est

228 1656 310 1741 quis,
326 1656 405 1728 sicut
420 1656 595 1740 superficies
609 1655 757 1740 sphaerica
780 1664 827 1719 est
848 1655 919 1721 tulis
941 1655 1200 1734 conformationis,
1215 1664 1252 1720 ut
1273 1677 1329 1720 ne-

229 1776 320 1852 queat
342 1790 407 1833 esse
428 1767 489 1835 nisi
511 1789 582 1835 cum
603 1775 718 1846 centro,
733 1764 777 1833 ita
793 1765 892 1837 forma
910 1765 1122 1836 substantialis
1134 1766 1226 1846 entis,
1240 1765 1328 1831 cuius

228 1879 339 1952 visest
357 1879 542 1950 locomotiva
554 1878 693 1956 aliarum,
710 1885 757 1942 est
775 1877 941 1944 intrinsece
960 1877 1040 1957 talis,
1055 1887 1092 1943 ut
1111 1887 1243 1962 nequeat
1262 1901 1329 1942 esse

229 2013 286 2054 nec
305 1990 434 2075 concipi,
450 1989 510 2076 nisi
530 2000 565 2054 ut
585 2011 680 2073 agens
697 2011 734 2053 ex
753 1996 880 2074 puncto.
923 1989 965 2055 ut
982 1989 1052 2054 ideo
1070 1990 1198 2054 resultat
1212 2012 1248 2054 ex
1262 1990 1332 2075 ipsa

228 2108 339 2164 natura
359 2101 405 2164 vis
426 2099 603 2178 materialis,
624 2107 660 2170 ut
682 2107 857 2183 expuncto
881 2099 1013 2184 quodam
1036 2101 1181 2184 procedat
1205 2101 1284 2168 sicut
1310 2125 1330 2166 a

229 2220 334 2286 centro
344 2214 379 2284 in
390 2212 549 2296 sphaeram.
582 2210 650 2275 Hoc
666 2219 767 2277 autem
779 2219 931 2289 centrum,
946 2233 1044 2295 quum
1059 2211 1099 2276 sit
1113 2211 1147 2275 id
1161 2212 1194 2276 in
1209 2234 1271 2299 quo
1282 2212 1329 2277 ris

229 2323 283 2387 illa
297 2332 346 2398 ert
358 2324 478 2408 passiva
493 2323 541 2394 sui
555 2330 668 2401 motus,
678 2329 725 2386 est
739 2321 807 2406 ipsa
820 2321 946 2387 materia
960 2321 1113 2386 resultans
1127 2345 1164 2387 ex
1177 2322 1333 2410 positione·

229 2434 299 2500 talis
313 2435 427 2499 formae.

274 2546 451 2631 Propositio'
462 2545 526 2610 haec
540 2552 587 2610 eat
602 2543 794 2612 corollarium
808 2566 846 2607 ex
858 2565 945 2609 num.
960 2541 1153 2628 precedenti.
1198 2542 1232 2608 Si
1246 2543 1333 2609 enirn

230 2680 293 2722 non
316 2656 456 2724 educitur
478 2656 576 2722 forma
598 2653 808 2722 substantialis
830 2654 869 2719 de
890 2653 1028 2738 potentia
1049 2652 1184 2721 materiae
1211 2653 1333 2737 primae,

232 2793 295 2836 nou
317 2776 454 2854 superest
476 2766 559 2833 unde
581 2766 746 2842 educatur;
769 2773 800 2828 et
822 2787 925 2836 revera
946 2773 1084 2834 auctores
1106 2764 1224 2828 nullam
1238 2765 1333 2832 aliam

230 2879 425 2967 hypothesim
448 2878 618 2962 excogitare
640 2883 817 2961 potuerunt.
862 2875 1035 2960 Propositio
1055 2875 1161 2941 eadem
1183 2885 1230 2941 est
1253 2875 1331 2941 mihi

231 2990 386 3064 evidenter
411 3012 491 3068 vera,
515 2988 555 3054 ob
581 3009 616 3052 ea
640 3008 709 3071 quae
734 2985 870 3050 diximus
892 3008 923 3050 n.
950 2990 980 3052 7.
1004 2994 1036 3050 et
1059 2987 1277 3072 sequentibua3
1299 2996 1331 3051 et

232 3112 378 3188 praeterea
398 3123 435 3166 ex
457 3122 493 3171 eo
513 3099 596 3184 quod
614 3097 739 3162 materia
753 3097 847 3162 etiam
862 3104 954 3180 prout
970 3096 1073 3160 subest
1088 3120 1151 3181 suae
1164 3098 1270 3164 formae
1284 3106 1332 3162 est

228 3238 337 3298 purum
358 3213 483 3277 nihilum
503 3211 666 3287 relativum,
682 3216 718 3280 ut
739 3207 937 3292 probavimus
958 3231 991 3272 n.
1014 3211 1076 3288 293
1098 3231 1212 3294 purum
1227 3219 1331 3274 autem
1443 3258 1446 3263 .

233 3327 366 3395 nihilum
388 3324 547 3394 relativum
571 3320 675 3392 dicens
696 3319 847 3388 rationem
868 3318 992 3383 termini
1014 3341 1077 3385 non
1099 3328 1218 3384 creatur
1232 3321 1265 3384 in
1289 3343 1331 3401 se,

234 3438 317 3526 quod
339 3443 418 3502 esset
440 3456 561 3504 summe
581 3430 754 3510 ridiculum,
771 3430 828 3494 sed
847 3438 966 3495 creatur
988 3438 1111 3494 tantum
1133 3429 1280 3495 indirecte
1302 3440 1333 3495 et

232 3555 463 3632 consequenter,
478 3546 511 3609 in
526 3552 676 3630 quantum
692 3551 812 3609 creatur
826 3541 858 3606 id
873 3541 960 3605 cuius
974 3550 1022 3612 est
1035 3541 1197 3605 terminus.
1240 3543 1291 3607 Sic
1305 3543 1333 3608 si

232 3663 319 3726 Deus
340 3667 421 3726 creet
443 3657 504 3722 duo
526 3663 641 3740 puncta
661 3651 831 3719 materialia
852 3651 885 3715 in
908 3651 1017 3735 spatio,
1033 3650 1162 3716 resultat
1176 3652 1332 3732 distantia,

233 3795 302 3858 quoe
316 3793 380 3840 non
395 3778 514 3838 creatur
529 3766 630 3852 quoad
648 3788 689 3844 se,
705 3787 769 3829 non
791 3763 875 3828 enim
897 3772 944 3827 est
966 3763 1067 3847 aliqua
1089 3763 1270 3843 substantia,
1285 3765 1333 3829 vel

233 3883 357 3968 aliquod
379 3880 519 3950 accidens
541 3887 697 3963 receptum
719 3877 753 3942 in
771 3875 870 3960 spatio
885 3897 990 3954 vacuo,
1006 3875 1060 3938 sed
1074 3898 1152 3959 pura
1165 3875 1271 3940 relatio
1286 3899 1333 3940 re-

234 3995 353 4063 sultans
367 4015 405 4057 ex
419 3991 570 4076 positione
587 3989 720 4055 duorum
741 3988 775 4050 in
797 3989 916 4071 spatio:
939 4007 996 4051 nec
1018 3987 1130 4050 dicitur
1151 3995 1252 4052 creata
1273 3987 1334 4052 nisi

232 4103 417 4182 resultative,
432 4111 585 4187 quatenus
607 4107 749 4164 creantur
770 4120 815 4176 ea,
831 4097 997 4183 exquibus
1023 4096 1151 4162 resultat
1178 4097 1333 4165 distantia

235 4215 335 4285 Simili
350 4213 440 4278 modo
456 4211 620 4284 dicendum
635 4218 681 4274 est
696 4210 734 4274 de
748 4207 885 4287 materia,
897 4230 971 4292 quae·
978 4209 1023 4272 ita
1036 4209 1203 4273 necessario
1218 4218 1265 4272 est
1276 4233 1336 4275 aaa

232 4350 293 4408 eus,
309 4335 345 4394 ut
359 4325 445 4394 nullo
460 4323 552 4388 modo
566 4322 665 4407 possit
679 4344 745 4388 esse
760 4320 911 4392 terminus
925 4307 1078 4404 positivus
1093 4319 1264 4385 creationis.
