3200 4984
278 368 343 432 222
593 388 636 433 nr
653 386 857 433 sussmvrra
872 388 1055 433 consonas.
1223 368 1307 455 [car.
1325 390 1380 433 111.

279 576 404 641 prorsus
428 554 579 620 elementa
602 554 744 635 materiae,
769 556 877 621 saltem
901 578 957 640 pro
981 554 1102 641 magnis
1126 555 1291 635 distantiis,
1314 579 1379 621 esse

278 668 434 753 equaliter
456 668 624 749 attractiva,
640 676 671 733 et
693 691 798 733 eorum
821 668 1006 733 differentias
1028 670 1060 733 in
1083 669 1202 754 agendo
1223 691 1287 733 non
1307 668 1379 733 sub-

280 779 395 859 sistere,
418 780 478 845 nisi
499 781 532 845 in
554 780 690 845 minimis
712 780 867 845 distantiis
891 780 1135 846 molecularibus.
1182 782 1251 845 Hoc
1277 791 1378 846 autem

279 892 338 976 ipsi
361 892 456 977 gratis
471 901 661 977 supponunt,
676 915 733 957 nos
755 901 859 957 autern
874 893 935 958 iam
957 893 1148 957 ostendimus
1163 893 1294 977 supponi
1316 915 1378 957 non

279 1027 377 1090 posse.
424 1003 554 1070 Constat
575 1005 658 1069 enim
680 1005 746 1070 dari
767 1006 919 1070 elementa
940 1006 1102 1090 repulsus,
1118 1028 1186 1090 quae
1208 1027 1328 1090 semper
1347 1019 1379 1071 et

280 1116 395 1202 ubique
420 1116 483 1181 sint
507 1116 668 1202 repulsus,
695 1128 726 1181 et
751 1140 787 1183 ea
812 1118 844 1183 in
871 1118 997 1183 diversis
1023 1118 1204 1183 substantiis
1227 1141 1254 1182 v.
1270 1141 1317 1203 gr.
1346 1118 1379 1181 in

279 1229 471 1317 hydrogenio
484 1238 516 1293 et
531 1229 680 1317 oxygenio
695 1252 784 1315 posse
803 1230 915 1295 habere
930 1230 1061 1295 diversas
1080 1231 1284 1295 intensitates.
1328 1231 1378 1310 Et,
1405 1271 1407 1276 -

281 1341 380 1407 sihoc
400 1341 546 1406 ultimum
569 1351 708 1427 negetur,
724 1342 772 1407 vel
793 1353 925 1427 nequeat
940 1342 1063 1427 probari
1081 1351 1237 1427 tamquam
1252 1342 1378 1423 facturn,

280 1462 399 1518 constat
421 1454 529 1518 saltem
543 1476 606 1519 non
629 1477 735 1519 omnes
751 1454 939 1520 substantias
960 1455 1116 1519 continere
1130 1455 1163 1518 in
1187 1454 1291 1519 eadem
1308 1477 1380 1539 pro-

280 1564 419 1649 portione
429 1564 580 1629 elementa
591 1566 751 1631 attractiva
764 1576 795 1630 et
810 1566 971 1652 repulsiva,
987 1589 1084 1652 quum
1099 1566 1239 1651 quadam
1254 1567 1317 1632 sint
1332 1590 1380 1631 so-

279 1674 447 1756 lidissimae,
463 1676 603 1760 quaedam
618 1676 755 1763 liquidae,
770 1677 912 1763 quaedam
934 1678 1113 1761 expausivoe.
1157 1677 1241 1761 Ergo
1256 1677 1380 1742 diversae

280 1786 458 1853 substantia
480 1788 606 1853 diversis
627 1788 742 1854 viribus
768 1788 1004 1854 elementaribus
1030 1790 1187 1854 instructae
1210 1799 1293 1854 aunt.
1337 1790 1378 1854 Et

279 1899 356 1981 ideo,
384 1898 465 1965 datis
490 1899 609 1965 duabus
634 1900 791 1966 molecnlis
817 1901 1012 1965 diversarum·
1026 1900 1277 1981 substantiarum,
1299 1902 1379 1965 actio

279 2009 372 2075 unius
395 2011 428 2075 in
450 2012 577 2076 alteram
599 2020 700 2099 potest
724 2012 845 2076 differre
866 2012 905 2077 ab
928 2012 1047 2076 actione
1069 2011 1196 2076 alterius
1215 2011 1249 2075 in
1270 2012 1378 2097 ipsam.

279 2123 363 2208 Ergo
383 2123 569 2209 principium
591 2124 628 2188 de
650 2123 824 2210 aequalitate
845 2124 972 2188 actionis
994 2133 1026 2187 et
1048 2122 1208 2189 reactionis
1223 2146 1286 2188 non
1300 2124 1379 2189 valet

279 2258 335 2320 pro
350 2237 457 2301 massis
471 2237 596 2302 diversae
609 2244 736 2303 naturae.

324 2348 386 2413 Sed
400 2348 440 2414 ad
453 2348 621 2436 pleniorem
629 2349 765 2413 veritatis
776 2349 996 2414 assecutionem
1011 2348 1111 2413 adhuc
1126 2348 1378 2433 distinguendum

280 2469 337 2527 est.
382 2462 464 2526 Nam
488 2461 608 2549 physici
630 2482 716 2547 aeque
739 2470 848 2525 vocant
874 2460 1025 2525 actionem
1048 2470 1089 2534 at,
1104 2461 1289 2526 reactionem
1312 2462 1380 2525 illas

280 2574 414 2638 actiones
436 2582 569 2653 mutuas,
592 2594 670 2659 quas
692 2573 833 2658 superius
854 2573 1113 2638 consideravimus
1134 2573 1199 2657 (fig.
1217 2574 1270 2657 19)
1298 2573 1379 2638 inter

280 2685 357 2750 duas
380 2708 495 2750 massas
520 2686 578 2751 sibi
600 2686 721 2751 relictas
744 2695 775 2750 et
799 2707 864 2750 snae
885 2685 942 2750 soli
964 2684 1171 2769 gravitationi,
1193 2694 1224 2748 et
1246 2686 1380 2749 actiones

280 2819 351 2883 quae
373 2796 475 2862 locum
497 2796 612 2861 habent
632 2797 666 2860 in
689 2796 834 2861 conflictu
854 2819 1025 2881 corporum,
1049 2796 1102 2861 ubi
1124 2809 1250 2881 propter
1270 2792 1381 2861 velociss

279 2917 376 2973 tatem
399 2918 502 2973 motus
531 2908 671 2993 impressi
696 2909 731 2971 fit
761 2907 905 2973 violentia
933 2917 1097 2972 structurae
1125 2908 1268 2992 corporis.
1314 2908 1381 2972 Ista

280 3032 383 3086 autem
405 3021 467 3086 duo
489 3029 562 3085 sunt
583 3021 670 3085 valde
692 3020 820 3085 diversa.
864 3021 904 3086 In
929 3022 1029 3105 primo
1050 3020 1133 3085 enirn
1154 3042 1228 3085 casu
1248 3021 1298 3084 vix
1320 3020 1380 3085 dici

280 3143 382 3219 potest
410 3134 476 3199 fieri
506 3134 656 3199 actionem
685 3143 717 3198 et
745 3134 951 3199 reactionem:
980 3142 1012 3198 et
1041 3156 1132 3197 nemo
1162 3133 1242 3198 dicet
1272 3142 1380 3197 terram

279 3269 397 3330 ccupare
420 3254 522 3311 contro
543 3240 641 3326 solam,
668 3245 736 3310 ideo
759 3246 832 3331 quia
853 3244 949 3309 trahit
971 3244 1076 3323 solem,
1102 3268 1121 3309 a
1142 3266 1203 3330 quo
1225 3244 1358 3309 trahitur
1368 3265 1383 3325 ;·

280 3360 335 3424 sed
349 3358 459 3423 melius
480 3358 541 3423 dici
556 3358 646 3423 debet
667 3358 850 3423 intervenire
872 3360 1000 3423 aetium
1021 3365 1147 3421 matam
1192 3357 1231 3420 In
1246 3355 1380 3421 secundo

280 3480 383 3537 autem
405 3492 487 3551 casu,
508 3471 580 3537 licet
602 3470 707 3536 eadem
729 3472 807 3535 ratio
828 3469 974 3555 loquendi
996 3468 1134 3534 adhiberi
1156 3479 1267 3554 posset,
1284 3469 1379 3554 speci-

280 3583 368 3649 aliter
388 3592 492 3648 tamen
507 3582 742 3668 distinguuntur
764 3582 844 3647 actio
859 3592 891 3646 et
913 3581 1035 3661 reactio,
1050 3581 1123 3665 quia
1143 3580 1281 3646 videmus
1299 3579 1380 3645 velo·

280 3698 404 3763 citatem
426 3696 560 3783 corporis
579 3695 751 3761 collidentis
772 3693 882 3774 minui,
898 3705 930 3757 et
951 3693 1141 3757 velocitatem
1163 3693 1296 3777 corporis
1317 3692 1379 3757 col-

280 3809 330 3874 lisi
359 3808 483 3894 augeri3
512 3807 596 3873 unde
623 3806 794 3871 contrarius
823 3806 950 3869 effectus
977 3805 1011 3867 in
1041 3803 1162 3868 duobus
1190 3803 1380 3889 corporibus,

280 3922 431 3985 contrario
456 3920 580 3984 nomine
606 3918 804 4002 designatur:
831 3925 862 3980 et
886 3916 1015 3995 merito3
1040 3914 1113 4001 quia
1142 3914 1220 3979 act-io
1245 3915 1381 3999 corporis

280 4031 378 4096 collisi
392 4031 558 4117 opponitur
572 4028 724 4094 velocitati
739 4028 873 4113 corporis
893 4026 1072 4091 collidentis.
1102 4026 1263 4089 Eiusmodi
1277 4035 1380 4089 autem

279 4142 431 4228 oppositio
446 4142 479 4206 in
493 4140 586 4227 priori
600 4162 673 4205 casu
687 4161 750 4203 non
765 4139 859 4204 habet
872 4138 974 4203 locum
987 4138 1166 4216 necessario,
1181 4146 1222 4217 et,
1238 4136 1264 4201 si
1278 4137 1381 4201 locum

280 4253 382 4333 habet,
398 4262 444 4318 est
465 4253 548 4317 lenta
565 4262 596 4326 et
618 4252 795 4317 continuata
818 4250 1011 4329 sensibiliter,
1027 4250 1102 4314 dum
1124 4258 1231 4314 contra
1251 4249 1285 4312 in
1307 4270 1383 4312 con·

280 4364 366 4428 dictu
381 4386 541 4449 corporum
556 4373 603 4429 cst
618 4360 800 4428 sensibiliter
823 4372 888 4428 tota
903 4362 1015 4427 simul:
1039 4371 1071 4426 et
1086 4366 1212 4446 insuper
1226 4361 1259 4425 in
1281 4360 1381 4445 primo
