3200 4984
225 380 299 425 css.
315 359 384 443 nn]
572 378 615 421 nn
631 376 750 421 uniens
765 377 957 422 concinnis.
1259 360 1323 424 80⁷

266 539 458 625 Respondeo‚
473 547 592 605 motum
606 538 733 605 localem
748 562 814 604 esse
828 540 1029 604 essentialiter
1042 539 1258 619 evolutionem,
1273 542 1321 607 vel

222 651 447 735 generationem
462 649 579 715 extensi
593 672 629 715 ex
643 650 775 729 intenso,
791 673 846 715 seu
867 673 933 715 esse
953 659 1067 729 ectum
1082 673 1144 736 quo
1161 652 1322 719 intensitas

221 762 369 827 momenti
393 761 541 829 evolvitur
565 762 734 829 secundum
763 762 971 827 extentionem
994 764 1183 827 continuam.
1220 762 1321 840 -Qnod

221 882 258 939 ut
271 874 330 939 rite
343 872 542 959 intelligatur,
558 874 715 941 sciendum
735 884 791 953 est,
806 873 889 959 quod
903 874 1000 939 virttis
1020 898 1089 961 quae
1111 884 1157 939 est
1179 876 1210 937 in
1233 876 1324 959 prin·¹

222 986 301 1072 cipio
315 986 422 1065 activo,
436 986 544 1072 nequit
565 986 660 1071 recipi
681 986 714 1051 in
737 986 888 1071 principio
910 987 1030 1071 passivo
1048 989 1114 1069 (seu
1132 986 1166 1050 in
1181 986 1318 1069 materia)

222 1099 391 1165 secundum
405 1100 614 1164 intensitatem
623 1122 633 1178 3
655 1122 728 1163 nam
749 1099 935 1184 principium
957 1099 1121 1183 passivum,
1137 1122 1233 1184 quum
1255 1120 1319 1161 non

221 1210 330 1276 existet
344 1212 504 1277 existentis
523 1212 656 1297 propria,
672 1212 725 1276 sed
747 1212 908 1277 existentia
928 1212 1033 1277 formae
1056 1212 1134 1275 illud
1156 1210 1318 1286 armantis,

221 1344 284 1388 non
307 1324 400 1389 habet
420 1324 480 1388 nisi
503 1346 612 1409 puram
632 1324 782 1391 rationem
802 1324 943 1389 termini:
967 1333 997 1387 et
1019 1324 1170 1389 terminus
1188 1347 1251 1387 non
1271 1332 1318 1387 est

220 1434 390 1520 receptione
417 1435 613 1501 intensitatis.
667 1435 793 1515 Contra,
821 1436 893 1521 quia
922 1436 1078 1520 proprium
1107 1446 1154 1501 est
1184 1435 1318 1500 materie

220 1546 332 1613 habere
345 1548 396 1611 ndi
414 1530 446 1613 ct
465 1568 531 1615 csse
547 1546 771 1611 indifferentem
794 1547 834 1611 ed
855 1546 1013 1632 quodlibet·
1033 1548 1091 1625 udi,
1107 1547 1204 1612 virtus
1221 1546 1318 1612 activo

220 1658 363 1743 principii
376 1659 495 1745 agentis
510 1667 612 1745 potest
625 1659 740 1745 optime
754 1658 849 1744 recipi
862 1659 896 1723 in
911 1659 1037 1724 materia
1051 1659 1220 1724 secundnm
1234 1659 1317 1744 quod

220 1769 312 1835 habet
326 1771 405 1837 hanc
420 1772 663 1839 extensivitatem
682 1794 736 1856 per
755 1772 824 1848 abi3
847 1793 914 1836 esse
927 1770 1010 1835 enim
1025 1772 1183 1836 materiam
1196 1770 1318 1835 indiffe-

219 1892 338 1949 rentem
359 1884 399 1949 sd
419 1884 604 1953 mutandum
626 1885 685 1962 ndi,
701 1891 747 1947 est
763 1906 828 1947 esse
842 1884 1000 1947 materiem
1015 1884 1048 1947 in
1062 1884 1199 1967 potentie
1214 1892 1317 1947 exten·

221 1994 313 2059 dendi
327 2018 359 2060 se
374 1996 412 2061 dc
426 2018 489 2061 nno
503 1997 555 2061 nbi
569 1996 608 2060 ad
622 1995 707 2060 aliud
721 1994 898 2074 successive,
910 1996 936 2057 si
947 1994 1086 2059 videlicet
1100 1994 1317 2059 determinetur

220 2106 258 2171 ab
273 2115 366 2188 extra,
382 2118 413 2171 et
434 2130 490 2193 pro
512 2107 684 2193 quantitate
704 2107 967 2171 determinationis
988 2106 1027 2171 ab
1047 2117 1130 2170 extra
1149 2108 1315 2191 impresssc.
1411 2160 1415 2169 .

220 2218 266 2281 Ex
280 2239 342 2304 quo
356 2226 491 2304 apparet,
500 2218 626 2283 omnino
640 2219 842 2283 necessarium
853 2241 919 2283 esse
929 2240 966 2282 ex
980 2226 1090 2282 natura
1104 2218 1157 2295 rei,
1167 2228 1202 2282 ut
1216 2217 1316 2282 inten-

195 2388 196 2395 ,
220 2330 304 2411 sitas,
319 2352 389 2416 quae
403 2330 497 2394 estin
511 2339 666 2396 momento
681 2330 736 2410 vis,
750 2331 939 2411 traducatur,
950 2352 1047 2415 qnam
1056 2330 1201 2414 recipitur
1208 2330 1242 2394 in
1251 2352 1317 2394 mo-

220 2440 283 2521 bili,
299 2441 333 2506 in
348 2442 563 2508 extensionem.

264 2553 324 2617 His
343 2554 462 2639 positis,
477 2563 602 2639 apparet
623 2555 726 2634 etiam,
741 2576 830 2640 posse
848 2553 886 2620 de
905 2555 1012 2620 eodem
1032 2563 1120 2619 motu
1133 2554 1222 2619 locali
1236 2576 1316 2638 proe·

220 2665 312 2729 dicari
326 2665 410 2750 quod
424 2665 464 2730 sit
479 2666 618 2731 intensus
632 2676 663 2731 et
678 2667 761 2753 quod
776 2668 817 2731 sit
830 2677 984 2747 extensus,
1000 2667 1044 2731 ita
1064 2677 1176 2745 temen,
1191 2675 1228 2731 nt
1250 2668 1316 2731 eius

218 2777 378 2841 intensitas
392 2800 447 2863 per
460 2778 677 2857 extensionem,
687 2779 802 2845 caeteris
817 2779 952 2864 paribus,
962 2791 1163 2844 mensuretur.
1207 2779 1315 2843 lnten·

218 2888 292 2953 sitas
310 2888 344 2952 in
364 2899 452 2953 motu
469 2889 558 2954 locali
577 2888 670 2954 habet
694 2890 843 2954 rationem
857 2890 972 2971 formae,
986 2890 1179 2955 extensivitas
1193 2889 1314 2955 mobilis

217 3000 310 3065 habet
324 3000 473 3065 rationem
487 3001 624 3065 materiae
635 3000 802 3079 actuabilis,
812 3002 948 3066 extensio
956 3023 1026 3065 vero
1041 3001 1208 3065 successiva
1221 3001 1315 3065 habet

217 3112 364 3177 rationem
380 3112 512 3177 meteriis
526 3122 671 3178 setuatae:
693 3124 724 3177 et
738 3122 841 3177 motus
854 3114 960 3178 loculis
974 3113 1039 3198 ipse
1053 3123 1101 3177 ast
1115 3102 1248 3179 ectuatio
1262 3136 1312 3178 ex·

217 3223 399 3289 tensivitatis
414 3225 596 3290 successivae.
642 3224 735 3303 Nam,
747 3248 845 3310 quum
860 3226 960 3289 omnis
975 3235 1077 3290 motus
1092 3226 1132 3290 sit
1146 3235 1230 3290 netas
1238 3228 1313 3291 entis

216 3339 248 3400 in
255 3339 392 3420 potentia
405 3346 439 3403 nt
454 3340 639 3421 inpotentia,
654 3360 777 3403 necesse
791 3346 849 3417 est,
864 3347 901 3401 nt
922 3360 1041 3423 semper
1063 3339 1103 3401 sit
1124 3337 1257 3402 infieri:
1279 3347 1311 3403 et

215 3470 311 3533 quum
326 3471 389 3512 non
404 3448 444 3513 sit
458 3448 570 3513 infieri
584 3470 639 3532 per
653 3447 711 3514 hoe
726 3449 808 3534 qnod
822 3458 870 3513 est
884 3458 976 3529 actae,
992 3450 1129 3534 seqnitur
1141 3449 1229 3513 illum
1245 3471 1311 3513 esse

214 3560 328 3626 infieri
350 3583 403 3646 per
421 3560 479 3625 hoc
498 3560 582 3645 qnod
599 3570 646 3625 est
661 3563 693 3624 in
701 3564 847 3645 potentio.
893 3560 998 3637 Quum
1022 3571 1123 3625 autem
1146 3561 1185 3625 sd
1206 3569 1308 3625 actam

212 3672 363 3757 pertineat
385 3671 556 3753 intensitas,
585 3680 617 3736 et
646 3672 685 3735 ad
720 3674 890 3757 potentiam
925 3672 1134 3738 extensibilem
1162 3672 1308 3751 extensio,

213 3783 352 3869 sequitur
364 3782 570 3847 extensionem
585 3792 697 3862 motus,
714 3806 768 3847 seu
782 3792 885 3848 actum
899 3784 1125 3863 extensivitatis,
1141 3806 1207 3849 esse
1229 3808 1309 3849 sem-

212 3917 267 3979 per
280 3895 313 3959 in
327 3894 392 3959 fieri
406 3893 464 3959 sub
478 3894 597 3959 influxu
610 3893 796 3959 intensitatis
811 3894 983 3981 impressu
1005 3906 1097 3981 etque
1117 3895 1186 3960 ideo
1204 3907 1307 3961 motus

211 4006 323 4070 rectius
346 4004 458 4069 dicitnr
479 4007 653 4084 extensione,
674 4027 766 4089 quam
784 4013 936 4085 extensus,
960 4016 992 4069 et
1015 4015 1163 4071 ostensum
1186 4010 1308 4093 proprie

211 4116 356 4201 competit
371 4117 469 4201 spatio
483 4116 544 4181 iam
557 4138 701 4201 percurso
715 4138 769 4200 per
782 4125 912 4196 motum,
926 4127 961 4181 ut
975 4103 1129 4182 exhibenti
1143 4119 1307 4204 vestigium

209 4228 306 4313 ipsius
321 4238 433 4293 motus.

254 4346 273 4407 7
275 4344 306 4405 3.
329 4340 484 4417 Quaeritur
499 4339 733 4427 decimoquarto,
750 4342 823 4425 qnid
833 4344 875 4407 eit
888 4343 1034 4407 achetae.

1073 4458 1130 4518 12
