3200 4984
285 368 327 429 70
712 387 754 431 ns
771 384 958 429 rnrucmus
1231 362 1315 448 [osu.
1333 382 1390 424 ιιι.

284 550 436 617 eludendo
445 552 528 636 quod
537 552 639 616 anima
650 575 713 616 non
724 560 771 617 est
785 552 885 617 forma
899 551 976 617 dans
991 552 1109 635 corpori
1125 549 1304 635 simpliciter
1314 572 1390 626 esse,

288 661 451 746 (siquidem
465 684 502 726 ex
517 661 606 727 dictis
620 663 827 747 corrumpitur
847 685 956 748 corpus
975 662 1110 750 physice,
1126 670 1271 727 manente
1290 662 1393 726 anima

287 773 513 858 incorruptibili
534 774 612 839 illud
626 775 824 858 informante)
843 774 897 839 sed
912 785 959 839 cst
973 774 1072 839 forme
1087 774 1164 839 dans
1180 774 1279 838 solum
1294 775 1394 839 vivere

287 892 319 949 et
336 908 402 949 esse
425 886 581 950 humanum
600 902 680 950 actu.
726 887 829 951 Tertio
847 886 928 951 idem
945 888 1143 951 confirmetur
1158 909 1194 950 ex
1209 908 1244 950 eo
1259 884 1344 970 quod
1359 885 1392 948 S.

287 997 420 1062 Thomas
434 998 478 1061 ait
496 997 548 1080 (ib.
567 1021 597 1083 q.
616 999 667 1063 76.
683 1021 712 1063 a.
727 1000 794 1083 5.):
822 1000 918 1073 Qum
926 999 1030 1082 forma
1045 1020 1104 1061 nou
1118 1000 1159 1061 ait
1168 1005 1294 1081 propter
1302 1003 1395 1059 mute-

288 1113 374 1188 riam,
388 1111 442 1173 sed
454 1111 557 1193 potius
581 1113 707 1175 materia
729 1112 771 1174 ait
792 1119 916 1197 propter
932 1110 1074 1194 sormam,
1099 1132 1136 1173 en
1153 1108 1256 1191 formo
1280 1114 1396 1191 oportet

289 1224 433 1285 rationem
447 1226 578 1305 occipere
592 1245 682 1306 qnare
696 1223 822 1285 mteria
835 1224 876 1285 sit
891 1222 971 1299 lolia,
986 1229 1017 1285 ct
1031 1242 1090 1284 coc
1104 1242 1275 1285 ceunomo.
1298 1219 1395 1303 Atqui

288 1356 327 1397 ex
348 1334 447 1397 formo
466 1334 584 1417 nequit,
598 1334 686 1398 iuxta
706 1334 808 1417 ipsum
811 1382 821 1413 ,
836 1332 933 1417 accipi
947 1332 1025 1397 ratio
1039 1354 1133 1417 quare
1147 1354 1259 1416 corpus
1274 1331 1314 1395 sit
1330 1353 1396 1395 cor-

292 1445 445 1530 ruptibile.
490 1444 575 1529 Ergo
595 1445 680 1509 iuxta
694 1445 797 1529 ipsum
812 1466 922 1529 corpus
937 1444 1118 1523 humanum,
1135 1443 1160 1507 si
1175 1443 1272 1507 solam
1286 1442 1398 1507 habest

290 1559 423 1622 animam
449 1580 505 1642 pro
527 1557 626 1621 forma
655 1556 859 1635 substantiali,
884 1555 1049 1620 dicendum
1078 1563 1125 1619 est
1155 1553 1396 1639 incorruptibile,

292 1691 388 1754 quum
400 1679 499 1733 careat
509 1669 595 1732 omni
605 1668 663 1732 ulia
675 1668 772 1733 lorma
779 1666 970 1753 corruptibili
981 1666 1198 1752 corporeitatis.
1237 1668 1309 1731 Non
1325 1658 1399 1750 crgo

294 1778 405 1863 poterit
427 1780 626 1862 pinguescere
647 1788 678 1844 et
700 1802 894 1858 macrescere,
909 1801 1041 1844 crescere
1063 1787 1094 1842 et
1114 1800 1278 1857 senescere,
1293 1778 1399 1842 vulne·

294 1887 365 1968 rari,
379 1898 537 1973 aegrotare,
551 1890 769 1970 convalescere,
785 1899 843 1956 etc.
889 1890 1010 1956 Omitto
1024 1891 1123 1975 plura,
1139 1912 1178 1955 no
1192 1890 1226 1954 in
1242 1890 1399 1955 infinitum

295 1999 421 2064 abeam:
458 2009 490 2064 et
505 1999 663 2079 concludo,
678 2023 715 2064 ex
729 2001 805 2086 ipsis
821 2002 855 2065 S.
866 2001 992 2066 Thomae
1006 2001 1165 2087 principiis
1180 2002 1318 2066 convinci
1333 2002 1400 2065 ani-

296 2131 377 2173 mam
400 2132 463 2172 non
485 2133 551 2174 esse
569 2110 700 2174 formam
715 2111 821 2175 stricte
836 2112 1080 2191 substantialem,
1095 2112 1149 2176 scd
1165 2112 1294 2177 formam
1309 2120 1401 2177 natu-

295 2220 391 2285 ralem
408 2221 543 2305 corporis
564 2221 710 2285 humani:
733 2231 765 2286 et
787 2222 944 2286 hominem
966 2246 1031 2287 non
1053 2246 1118 2287 esse
1140 2246 1234 2288 unam
1258 2223 1403 2288 substan-

297 2333 384 2411 tiam,
399 2332 452 2397 sed
468 2332 545 2397 duas
560 2332 749 2399 substantias
763 2334 796 2398 in
812 2357 907 2398 unam
922 2344 1063 2399 naturum
1078 2335 1299 2420 conspirantes.

342 2448 394 2509 61.
420 2446 527 2510 Restat
541 2446 592 2509 hic
606 2446 816 2530 quaerendum,
831 2446 985 2531 quomodo
1000 2446 1103 2511 anima
1117 2446 1261 2511 informet
1281 2468 1403 2531 corpus,

299 2557 382 2642 quod
396 2558 458 2621 iem
472 2557 566 2622 habet
579 2557 729 2621 rationem
745 2557 925 2621 substantiae
939 2557 1090 2642 organicae
1104 2558 1138 2622 in
1156 2560 1295 2643 potentie
1309 2558 1403 2623 vitam

298 2669 460 2734 habentis:
474 2678 505 2733 et
515 2678 622 2733 utrum
630 2670 847 2755 perseipsum,
859 2692 897 2733 an
910 2670 1063 2735 mediante
1075 2671 1186 2756 aliquo.
1223 2670 1406 2755 Respondeo

300 2780 383 2865 quod
404 2782 569 2845 ucbstootic
591 2784 695 2845 animo
715 2782 873 2846 rationulis
894 2805 944 2847 sea
967 2783 1149 2847 intellectivae
1170 2806 1236 2847 vere
1257 2806 1293 2847 nc
1300 2806 1358 2867 per
1374 2806 1407 2847 se

302 2891 421 2953 numeni
443 2893 574 2974 emporis
595 2899 640 2955 cst
653 2892 777 2975 sumo:
800 2893 880 2957 sicut
902 2892 940 2957 ab
955 2894 1090 2959 Ecclesia
1112 2894 1273 2958 definitum
1294 2903 1340 2958 cst
1363 2895 1407 2977 (in

304 3000 505 3066 Clementinis
524 3024 551 3066 c.
573 3002 611 3067 de
630 3026 750 3067 summa
765 3004 876 3089 Trio).
921 3005 1014 3085 Nam,
1030 3006 1147 3091 siquid
1161 3006 1296 3071 medium
1311 3028 1407 3092 pone-

302 3122 397 3193 retur,
412 3113 490 3178 illud
507 3112 632 3178 deberet
646 3136 711 3178 esse
726 3114 842 3199 aliquid
857 3116 1038 3181 distinctum
1053 3140 1071 3181 a
1087 3116 1258 3182 substantie
1272 3118 1409 3203 corporis

304 3227 337 3292 in
362 3226 501 3312 potentia
521 3226 616 3291 vitam
642 3226 784 3291 habentis
813 3229 908 3313 (quod
927 3229 1020 3293 habet
1038 3231 1187 3295 rationem
1208 3231 1341 3295 meteriae
1360 3232 1409 3295 in·

304 3338 485 3424 formabilis)
510 3346 541 3403 et
556 3362 574 3402 a
588 3338 760 3403 substantia
774 3340 893 3406 animae.
938 3341 1034 3426 Atqui
1049 3342 1128 3405 nihil
1142 3352 1243 3427 potest
1258 3343 1331 3427 poni
1346 3365 1410 3406 me·

304 3452 392 3525 ‚dium
408 3452 489 3516 inter
503 3452 568 3516 haec
583 3451 655 3531 duo,
669 3450 753 3536 quod
768 3450 809 3516 ab
824 3452 899 3538 ipsis
923 3451 1044 3517 duobus
1064 3452 1292 3547 distinguetum
1327 3456 1410 3519 Nom

306 3565 366 3629 hoc
391 3564 539 3643 medium,
559 3585 597 3627 oo
618 3562 686 3648 ipso
712 3564 797 3649 quod
820 3586 883 3628 non
909 3573 956 3627 est
982 3564 1154 3629 substantia
1178 3566 1343 3630 materialis
1363 3566 1412 3630 vel

309 3674 485 3761 spiritualis,
501 3674 549 3739 vel
566 3683 645 3739 esset
671 3674 811 3738 accidens
835 3674 979 3759 corporis,
995 3675 1042 3739 vel
1068 3676 1212 3740 accidens
1231 3678 1349 3754 enimse,
1365 3678 1413 3741 vel

309 3788 448 3852 accidens
470 3808 632 3851 commune
654 3785 786 3869 utrique.
833 3786 916 3849 Nont
928 3790 1030 3869 potest
1053 3793 1156 3850 cutem
1179 3809 1253 3851 esse
1274 3786 1413 3851 accidens

309 3898 453 3984 corporis,
472 3898 544 3984 quia
566 3906 668 3961 totum
693 3895 777 3980 quod
800 3902 847 3959 est
871 3895 1050 3980 incorpore
1072 3896 1219 3981 disposito
1242 3896 1281 3961 ud
1303 3898 1413 3982 accipi·

311 4010 423 4075 endam
447 4011 542 4074 vitam
570 4008 663 4072 habet
692 4006 842 4071 rationem
871 4006 1005 4071 materiae
1035 4006 1198 4093 dispositae,
1222 4029 1285 4070 non
1311 4016 1415 4073 autem

311 4120 461 4183 rationem
487 4118 582 4183 medii
603 4118 684 4181 inter
707 4117 865 4180 materiam
892 4124 922 4181 et
947 4118 1087 4181 formam.
1134 4119 1200 4182 Nec
1222 4127 1325 4204 potest
1350 4142 1416 4183 esse

313 4229 452 4294 accidens
466 4229 576 4292 animae
586 4254 596 4306 3
619 4227 700 4312 quia,
717 4228 742 4290 si
764 4228 863 4291 formu
881 4227 1059 4291 informaret
1078 4229 1232 4294 mediante
1251 4230 1416 4309 accidente,

314 4342 517 4427 compositum
537 4364 600 4404 non
617 4341 703 4403 fieret
718 4362 781 4403 una
794 4347 906 4403 natura
920 4339 1140 4421 substantialis,
1157 4342 1209 4405 sed
1224 4350 1303 4407 esset
1318 4365 1417 4406 unum
