3200 4984
217 395 288 439 car.
306 371 348 462 1.]
550 399 594 443 na
610 398 814 443 curararum
829 400 1010 447 conrnune.
1262 384 1325 445 119

217 565 367 651 cipiamus
388 574 509 632 motum
531 576 711 647 extensum,
742 569 796 633 sed
818 569 932 654 requiri
953 576 1076 634 tanturn
1097 569 1323 655 perceptionem

217 676 364 742 directam
379 687 481 742 motus
495 679 623 757 extensi,
635 702 704 764 quse
716 682 889 744 simultanee
902 688 950 745 est
964 680 1117 766 perceptio
1128 680 1322 759 extensionis,

218 811 287 872 quae
310 789 414 853 estin
440 799 546 869 motu,
584 813 653 875 quae
678 790 789 855 deinde
819 791 1007 857 abstrahitur
1034 814 1090 877 per
1118 792 1322 877 operationem

217 900 348 966 mentis:
372 900 451 964 sicut
475 922 538 965 non
564 902 731 985 requiritur
749 905 865 986 praevie
889 902 1091 967 humanitatis
1108 901 1186 982 idea,
1199 911 1235 967 ut
1250 924 1321 987 cog·

216 1020 362 1075 noscatur
385 1011 490 1089 homo,
505 1010 560 1075 sed
588 1020 711 1077 tantum
740 1011 894 1097 perceptio
925 1012 1038 1077 fflrccta
1061 1012 1263 1077 humanitatis
1290 1013 1321 1076 in

218 1122 343 1187 homine
357 1132 501 1209 percepto
515 1124 683 1201 existentis,
700 1146 768 1208 quae
782 1124 893 1189 deinde
912 1124 951 1189 ab
971 1125 1029 1190 hoc
1049 1124 1185 1189 subiecto
1205 1125 1321 1189 abstra-

219 1232 315 1313 hitur,
332 1242 362 1298 et
377 1235 531 1319 cogitatur
544 1235 577 1298 in
592 1234 766 1299 universali.
813 1236 874 1321 Sed
895 1236 967 1320 quia
986 1259 1035 1300 res
1054 1245 1101 1301 est
1118 1236 1192 1299 satis
1206 1245 1320 1320 aperta,

216 1344 374 1409 veniamus
388 1345 427 1410 ad
442 1354 587 1431 quartum
601 1345 830 1410 inconveniens.
922 1418 924 1425 ‚

259 1457 377 1521 36:111
402 1458 461 1521 hoc
491 1466 666 1544 systemate,
695 1448 808 1542 inquit,
829 1460 954 1542 ponitur
983 1460 1102 1543 effectus
1129 1461 1193 1523 cirre
1220 1481 1319 1523 cauae.

215 1567 298 1631 Nam
321 1569 380 1633 hoc
403 1578 537 1655 systema
558 1569 648 1653 pouit
670 1570 820 1633 actionem
845 1569 877 1632 iu
900 1569 1027 1649 distans,
1042 1570 1075 1633 id
1090 1578 1147 1649 est,
1162 1568 1216 1633 ubi
1230 1592 1321 1634 causa

213 1702 272 1744 nec
294 1689 351 1759 est,
378 1702 436 1745 nec
464 1680 611 1745 diffundit
640 1680 786 1744 virtutem
817 1702 914 1745 auam.
960 1680 1021 1745 Sed
1050 1680 1108 1745 hoc
1136 1690 1183 1747 est
1207 1703 1321 1768 ponere

214 1790 358 1856 effectum
372 1794 439 1856 sine
452 1815 553 1857 causa.
597 1791 692 1877 Ergo.
738 1791 840 1856 Maior
855 1791 1011 1877 probatur.
1055 1792 1097 1857 Et
1118 1792 1218 1878 primo
1237 1791 1321 1878 quod

216 1922 308 1968 causa
322 1912 394 1989 agat
408 1903 462 1968 ubi
477 1926 541 1969 non
554 1913 601 1969 est
617 1926 671 1990 per
686 1926 728 1983 se,
743 1912 829 1988 patet
844 1926 881 1968 ex
898 1926 934 1967 co
957 1903 1041 1988 quod
1057 1913 1129 1989 agat
1148 1906 1181 1968 iu
1204 1904 1321 1969 distans

217 2038 238 2079 a
251 2038 303 2079 se:
325 2014 409 2099 quod
423 2038 494 2079 vero
508 2014 643 2079 secundo
657 2022 728 2097 agat
743 2011 798 2077 ubi
816 2036 879 2077 non
898 2012 1042 2077 diffimdit
1056 2014 1201 2079 virtutem
1223 2038 1321 2093 suam,

217 2134 303 2211 patet
318 2149 354 2190 ex
375 2149 412 2191 eo
433 2126 517 2212 quod
539 2134 672 2211 ponatur
693 2148 782 2210 agere
797 2148 852 2209 per
866 2147 1006 2204 vacuum,
1020 2124 1054 2189 id
1068 2135 1115 2190 est
1130 2125 1196 2191 s'ine
1209 2127 1321 2193 medio.

218 2238 311 2317 Nam,
327 2238 447 2303 sublato
468 2238 581 2318 medio,
596 2238 704 2323 nequit
725 2238 824 2302 virtus
845 2258 943 2300 causa·
964 2236 1191 2301 communicari.
1236 2237 1321 2321 Ergo

216 2349 343 2435 ponitur
357 2372 449 2414 causa
463 2372 553 2434 agere
567 2348 623 2414 ubi
636 2371 700 2413 non
716 2348 862 2413 diffundit
877 2348 1021 2412 virtutem
1037 2370 1134 2413 suam.

222 2503 225 2509 -
258 2460 441 2546 Respondeo
462 2486 493 2525 a.
516 2470 578 2524 unt.
602 2460 639 2524 ad
661 2460 874 2545 probationem
895 2483 926 2524 n.
949 2462 1109 2524 Maiorem.
1154 2459 1206 2523 Ad
1226 2460 1320 2524 huius

214 2573 426 2656 probationem
454 2597 527 2658 nepo
556 2582 619 2637 eat.
651 2572 753 2657 quoad
783 2580 945 2657 utramque
974 2581 1103 2658 partem.
1148 2572 1198 2637 Ad
1226 2572 1319 2637 huius

216 2686 335 2769 probat.
350 2708 380 2749 a.
397 2695 460 2750 unt.
476 2695 506 2749 et
520 2708 598 2749 coac.

262 2798 456 2882 singularem
470 2820 595 2883 prorsus
616 2797 807 2884 dynamicam
826 2797 972 2861 dicendus
992 2804 1038 2860 est
1060 2796 1195 2880 profiteri
1213 2805 1319 2861 auctor

217 2908 310 2973 huius
329 2911 514 2993 argumenti,
530 2911 584 2994 qui
602 2910 705 2993 exigit,
722 2922 757 2973 ut
776 2908 873 2973 virtus
897 2909 1075 2973 substantiae
1090 2909 1253 2973 materialis
1262 2932 1320 2993 per

216 3022 369 3084 materiem
399 3024 566 3085 contineam
595 3021 823 3084 transmittatur
852 3021 885 3084 in
911 3021 1046 3085 distans!
1093 3022 1171 3088 Hoc
1197 3021 1262 3106 ipse
1283 3043 1320 3085 cx

219 3131 425 3215 peripateticis
447 3132 622 3215 depromsit,
638 3141 674 3195 ut
689 3131 801 3215 dogma
822 3132 1030 3197 indubitatum
1054 3143 1084 3196 et
1102 3133 1243 3211 evidens,
1266 3134 1319 3198 sed

217 3264 255 3305 ex
274 3242 362 3306 libris
378 3243 581 3307 recentiorum
600 3243 750 3327 potuisset
775 3243 955 3327 intelligere,
971 3244 1084 3327 dogma
1106 3245 1183 3309 illud
1203 3246 1317 3310 iamdiu

217 3352 376 3436 explosum
392 3376 455 3417 nou
469 3376 558 3438 posse
571 3354 684 3418 iterum
699 3354 732 3417 in
750 3354 849 3419 lucem
869 3355 999 3439 prodire,
1015 3355 1075 3418 nisi
1094 3378 1172 3420 nova
1192 3356 1318 3420 demon-

217 3464 364 3529 stratione
393 3464 546 3529 fulciatur.
594 3466 683 3529 Hanc
712 3475 814 3530 autem
847 3466 1136 3531 demonstrationem
1159 3468 1224 3531 lieri
1255 3491 1318 3531 uon

216 3599 305 3660 posse
320 3600 357 3641 ex
372 3578 570 3661 sequentibus
584 3577 711 3662 patebit.
817 3634 819 3639 .

260 3692 315 3753 37.
337 3688 539 3753 Admitteuda
559 3697 606 3752 est
628 3688 754 3753 omnino
776 3689 856 3754 actio
878 3689 910 3752 iu
933 3689 1060 3768 distans,
1076 3690 1169 3752 immo
1185 3713 1242 3752 non
1257 3692 1318 3753 olio

216 3802 294 3862 actio
317 3802 456 3883 cornpetit
478 3800 618 3879 metuite,
638 3802 698 3864 nisi
722 3803 800 3864 actio
821 3803 853 3863 ia
877 3802 999 3863 dictans.
1045 3800 1103 3863 Per
1132 3800 1189 3863 hoe
1212 3813 1315 3863 tamen

217 3909 420 3994 intelligimus
439 3911 590 3975 actionem
612 3910 645 3974 in
667 3912 780 3975 duram
798 3936 819 3975 a
836 3913 959 3976 materie
976 3911 1106 3995 agentis,
1121 3933 1184 3975 nou
1199 3910 1236 3973 ab
1253 3911 1317 3975 eius

215 4022 332 4085 uirtute.
378 4020 461 4085 Nam
483 4022 630 4086 distantia
649 4022 821 4087 desumitur
840 4046 858 4087 a
878 4023 1016 4087 terminis
1030 4022 1236 4087 materialibus
1251 4046 1318 4087 eam

215 4130 249 4194 in
263 4131 361 4217 spatio
377 4131 663 4212 determinantibus,
678 4135 732 4219 qui
747 4134 851 4199 sinon
866 4135 1015 4199 distarent
1029 4157 1092 4198 non
1113 4146 1216 4198 essent
1235 4144 1319 4199 extra

215 4264 259 4307 se.
302 4244 401 4328 Atqui
414 4244 461 4308 vis
483 4244 618 4309 materiae
639 4268 703 4309 non
725 4246 800 4330 agit,
816 4247 875 4310 nisi
896 4256 980 4311 extra
1003 4270 1053 4325 se3
1077 4270 1149 4333 ergo
1170 4246 1257 4329 nulla
1272 4254 1318 4309 est

215 4354 376 4439 possibilis,
397 4357 476 4421 actio
501 4357 640 4421 materiae
667 4358 728 4423 nisi
757 4358 789 4421 in
820 4358 946 4449 distam-
994 4359 1099 4423 Miuor
1128 4367 1221 4443 patet,
1246 4359 1318 4442 quia
