3200 4984
212 379 281 430 oar,
292 361 338 444 -1-.]
560 381 679 426 sanun
694 381 928 427 nsvuasnxmr.
1291 369 1313 429 9

259 550 310 611 14.
334 547 490 625 Quaeritur
503 557 618 629 octavo,
633 557 733 614 utram
746 572 797 614 erra
810 551 957 616 resultans
970 547 1013 616 es·
1021 553 1069 616 tis
1075 551 1185 636 primis
1198 561 1229 618 et
1241 541 1313 619 solis

205 660 367 744 principiis
381 661 533 725 dicendum
546 663 588 724 sit
601 665 799 746 conpositum.

257 771 440 856 Respondeo
469 772 633 837 dicendum
661 795 727 838 esse
763 774 968 860 compositum
1004 776 1312 868 metaphysicanon

213 893 317 950 tamen
330 885 466 970 physice.
511 883 604 961 Quod
618 884 706 949 facile
727 885 885 970 probatur.
930 886 1013 950 Nam
1034 887 1213 971 compositio
1234 889 1314 976 phy·

215 997 277 1062 sica
291 1006 338 1061 est
352 1019 389 1061 ex
403 994 541 1081 partibus
556 996 680 1082 physice
702 996 845 1061 realibus.
889 995 988 1082 Atqui
1006 997 1072 1061 haec
1087 996 1149 1062 duo
1166 997 1316 1083 principia

214 1132 278 1174 non
300 1117 374 1173 sunt
397 1108 466 1173 duae
487 1117 589 1193 partes
617 1108 743 1195 physice
773 1107 876 1174 reales.
922 1108 1018 1193 Ergo.
1062 1109 1165 1174 Maior
1193 1108 1315 1174 exhibet

110 1295 112 1300 ¹
216 1220 426 1286 definitionem
462 1242 656 1285 communem
694 1219 925 1304 compositionis
961 1220 1106 1308 physicae,
1132 1244 1187 1286 seu
1214 1222 1314 1287 realis.

215 1334 321 1398 Minor
340 1341 443 1418 aperte
465 1341 585 1398 constat
606 1354 643 1396 ex
657 1331 747 1396 dietis
766 1353 799 1395 n.
821 1333 887 1395 7et
900 1336 933 1397 9.
977 1332 1126 1397 Praeterea
1145 1333 1315 1399 admittunt

215 1470 332 1525 omnes,
346 1445 482 1530 primum
497 1467 551 1509 ens
574 1443 729 1508 materiale
748 1443 910 1530 physicum
930 1444 1099 1530 essequod
1118 1423 1316 1511 constituitur

215 1559 264 1623 his
280 1557 399 1622 duobus
414 1555 580 1642 principiis.
628 1555 662 1619 Si
683 1577 757 1640 ergo
777 1553 904 1619 haberet
925 1562 1029 1640 partes
1046 1552 1142 1619 reales
1164 1556 1315 1641 physicas,

216 1668 369 1756 quomodo
389 1678 469 1734 esset
488 1666 648 1754 primumi
691 1666 826 1731 Evidens
847 1666 929 1731 enim
951 1678 1009 1745 est,
1024 1667 1110 1754 prius
1128 1689 1195 1732 esse
1214 1678 1316 1752 partes

215 1783 367 1869 physicas,
382 1803 476 1867 quam
491 1779 694 1864 compositum
708 1801 745 1842 ex
759 1778 845 1862 ipsis.
891 1777 1051 1863 Siquidem
1064 1787 1167 1864 partes
1182 1779 1316 1866 physicae

217 1900 347 1979 possunt
358 1891 477 1976 concipi
488 1891 662 1969 existentes,
673 1890 749 1975 quin
762 1890 824 1953 sint
836 1890 932 1954 nuitae
939 1890 973 1954 in
984 1913 1081 1955 unum
1093 1892 1315 1978 compositum:

217 2003 421 2088 compositum
449 2011 520 2067 vero
548 2001 657 2088 nequit
686 2001 806 2086 concipi
834 2001 976 2083 existens,
1005 2001 1067 2068 nisi
1103 2012 1317 2089 supponantur

216 2116 343 2181 existere
357 2116 424 2180 eius
438 2122 549 2200 partes.
1276 2129 1279 2133 ·

263 2229 372 2315 Itaque
394 2250 449 2292 cns
471 2226 624 2291 resultans
647 2247 683 2290 ex
706 2225 814 2310 primis
837 2234 868 2289 et
891 2225 964 2290 solis
986 2226 1145 2312 principiis
1167 2228 1266 2293 activo
1285 2237 1317 2293 ct

219 2341 337 2426 passivo
357 2347 404 2404 est
427 2339 551 2425 physice
574 2337 712 2423 simplex,
731 2336 803 2402 licet
826 2337 1033 2425 metaphysica
1052 2339 1256 2424 compositum
1275 2341 1316 2406 ob

218 2452 469 2537 compositionem
485 2450 632 2530 essentiae,
648 2457 684 2514 ut
698 2449 898 2534 explicabitur
912 2449 961 2513 int
994 2499 1001 2514 .

264 2568 315 2629 15.
339 2563 496 2640 Quaeritur
517 2585 608 2641 nono,
624 2571 723 2627 utrum
745 2585 796 2627 eres
816 2563 963 2627 resultans
983 2586 1020 2627 eu
1041 2565 1087 2628 leia
1106 2564 1216 2628 duobus
1230 2567 1318 2648 psin-

220 2679 307 2763 cspiis
318 2685 397 2740 recte
411 2677 527 2740 dicatur
540 2677 674 2740 materia.

264 2789 447 2874 Respondeo
483 2788 670 2866 affirmative,
699 2787 849 2851 sumendo
887 2784 1001 2851 seilicet
1038 2786 1197 2851 materiam
1226 2797 1318 2872 prout

221 2903 354 2968 sumitur
368 2899 498 2983 evulgo,
509 2921 566 2983 pro
580 2921 616 2962 ea
631 2897 812 2976 substantia,
822 2920 858 2961 ex
872 2920 932 2983 qua
943 2907 1170 2982 componuntur
1183 2920 1319 2984 corpora.

220 3016 262 3080 Et
277 3038 314 3079 ex
329 2999 510 3098 supradictis
525 3018 618 3095 patet.
665 3009 747 3073 Nam
763 3009 945 3088 substantia,
960 3032 997 3073 ex
1011 3032 1072 3094 qua
1091 3020 1320 3095 componuntur

220 3151 355 3212 corpora,
379 3124 472 3188 habet
502 3122 623 3186 easdem
652 3121 851 3206 proprietates
877 3143 911 3185 ac
940 3121 1008 3205 ipsa
1035 3142 1171 3205 corpora,
1195 3122 1320 3208 dempta

222 3239 402 3326 quantitate,
429 3245 460 3300 et
484 3234 562 3314 aliis,
589 3257 657 3319 quae
681 3233 832 3296 resultant
858 3255 894 3296 ex
916 3232 1080 3317 multiplici
1100 3235 1320 3319 compositione

222 3351 407 3416 diversarum
422 3346 566 3432 partium.
611 3345 709 3430 Atqui
724 3344 924 3429 proprietates
938 3366 1109 3430 corporum,
1123 3354 1193 3429 post
1207 3346 1319 3411 factam

224 3461 336 3526 dictam
354 3457 575 3542 exceptionem,
591 3455 780 3520 reducuntur
800 3455 839 3519 ad
857 3456 1064 3541 passivitatem
1078 3465 1109 3520 et
1124 3456 1321 3540 nativitatem,

223 3582 259 3637 ut
274 3594 366 3656 supra
379 3594 411 3634 u.
429 3573 448 3633 5
465 3577 495 3634 et
510 3570 532 3632 6
546 3569 685 3632 habitum
700 3577 757 3632 est.
803 3568 879 3633 Haec
893 3591 966 3652 ergo
982 3569 1043 3632 duo
1061 3569 1125 3633 sola
1142 3581 1322 3656 competunt

224 3685 366 3762 materiae,
386 3705 422 3746 ex
445 3704 506 3766 qua
529 3679 628 3765 primo
648 3688 875 3764 componuntur
892 3701 1018 3764 corpora
1029 3706 1038 3758 ;
1068 3689 1100 3744 et
1124 3681 1203 3760 ideo,
1221 3683 1322 3768 posito

223 3795 373 3882 principio
396 3793 494 3858 activo
515 3801 546 3857 et
569 3791 697 3877 passivo,
721 3791 848 3877 ponitur
868 3799 969 3860 totum
992 3794 1075 3878 quod
1096 3793 1262 3879 requiritur
1283 3795 1323 3860 ad
1414 3791 1418 3798 ’

224 3917 366 3973 naturam
381 3905 562 3970 substantiae
576 3904 750 3983 materialis,
766 3913 802 3968 ut
818 3904 870 3968 sic.

268 4019 350 4096 Quia
369 4026 472 4082 tamen
498 4015 673 4101 philosophi
699 4015 812 4100 passim
839 4015 963 4079 nomine
986 4014 1120 4079 materiae
1143 4014 1323 4102 intelligimt

224 4134 376 4196 nuteriam
384 4130 524 4214 primum,
540 4127 578 4192 de
593 4149 653 4213 qna
667 4127 756 4204 inira,
769 4149 838 4211 quae
851 4126 936 4190 iuxta
950 4125 1019 4190 illos
1033 4134 1080 4190 est
1095 4126 1176 4192 idem
1191 4150 1226 4193 ac
1240 4131 1325 4214 prin·

225 4243 340 4327 cipium
362 4240 527 4327 passivum,
542 4238 612 4303 ideo
634 4238 673 4302 ad
695 4237 850 4302 evitandas
873 4237 1127 4323 aequivocationes
1149 4238 1258 4304 melius
1278 4252 1325 4307 est

226 4353 334 4434 dicere,
350 4375 405 4417 ens
423 4351 504 4438 quod
523 4350 659 4434 exsurgit
674 4372 711 4414 ex
727 4328 848 4413 duobus
863 4349 923 4414 illis
938 4349 1095 4434 principiis
1110 4354 1324 4417 essesubctan·
