3200 4984
241 389 313 435 ear.
330 368 385 453 vu]
574 390 617 433 nn
634 388 835 433 soasrnurm
851 388 1030 433 consonas.
1117 429 1122 445 ,
1284 372 1347 435 159

241 556 403 643 passivitas
424 556 458 621 in
484 556 569 621 omni
599 556 751 621 elemento
773 559 918 622 materiae.
962 560 996 622 2⁰
1015 558 1079 622 haec
1102 556 1261 641 passivitas
1283 579 1346 620 ma·

242 669 329 735 terite
343 691 407 733 uon
423 676 469 733 est
483 667 544 733 uisi
563 668 616 733 illa
629 668 836 733 indifferentia
856 668 895 734 ad
909 668 1117 753 recipiendum
1131 677 1262 747 motum,
1278 690 1346 754 quae

242 780 355 845 dicitur
376 779 504 845 inertia:
527 779 614 864 atqui
636 779 841 844 indifferentia
862 779 1012 845 eiusmodi
1034 781 1153 865 passiva
1174 779 1276 845 estin
1298 779 1346 844 in·

246 892 399 971 divisibili,
430 914 527 978 quum
558 891 597 955 sit
625 914 704 976 pura
732 890 960 957 indifferentia·
1004 888 1089 976 Ergo
1118 914 1181 955 non
1210 890 1344 956 admittit

243 1003 343 1089 magis
369 1012 400 1067 et
423 1003 536 1067 minus.
581 1004 615 1067 3ο
635 1011 780 1089 praeterea
802 1001 968 1067 absurdum
992 1011 1039 1067 est
1062 1024 1196 1088 quaerere
1217 984 1345 1067 intensi-

245 1124 341 1180 tatem
355 1114 388 1179 in
404 1137 439 1180 eo
454 1115 538 1200 quod
558 1123 604 1179 est
619 1114 757 1199 potentia
775 1113 906 1200 passiva.
952 1113 1034 1178 Nam
1057 1113 1126 1177 ideo
1149 1113 1183 1177 in
1208 1113 1346 1197 potentia

243 1227 339 1293 activa
363 1226 534 1311 concipitur
559 1225 731 1305 intensitas,
756 1225 830 1310 qnia
855 1235 941 1290 actus
966 1226 1032 1289 eius
1061 1226 1154 1290 habet
1181 1225 1346 1310 quamdam

242 1332 451 1402 intensitatem
474 1338 507 1401 in
521 1336 662 1421 agendo:
687 1346 718 1401 at
740 1339 774 1400 in
795 1337 934 1421 potentia
956 1337 1075 1421 passiva
1089 1337 1194 1401 nullus
1215 1336 1346 1401 habetur

243 1459 329 1515 actus
344 1450 410 1513 eius
431 1450 583 1535 proprius,
599 1449 654 1514 sed
673 1457 796 1513 tantum
812 1449 923 1534 passi0,
938 1450 1026 1513 cuius
1045 1449 1208 1514 intensitas
1222 1472 1286 1513 non
1300 1459 1347 1513 est

243 1586 260 1627 a
290 1562 428 1647 potentia
456 1562 585 1647 passiva,
608 1560 660 1625 sed
690 1584 708 1625 a
737 1562 875 1645 potentia
900 1562 998 1625 activa
1022 1584 1090 1625 eam
1113 1561 1345 1626 determinante.

244 1674 318 1740 Non
346 1696 420 1759 ergo
433 1712 436 1719 ·
451 1674 614 1740 intensitas
648 1674 798 1758 passionis
828 1673 931 1757 arguit
965 1673 1176 1739 intensitatem
1204 1673 1349 1758 potentiae

243 1785 380 1870 passivae.
435 1785 527 1849 Unde
557 1806 621 1849 nou
643 1794 689 1849 est
712 1784 839 1870 aliquid,
861 1807 898 1849 ex
920 1807 982 1870 quo
1003 1786 1157 1870 possimus
1178 1785 1292 1851 inferre
1312 1786 1343 1848 in

242 1897 381 1983 potentia
415 1887 539 1981 passiva
562 1895 662 1961 inesse
699 1896 928 1961 intensitatem:
960 1906 991 1961 et
1029 1904 1250 1983 consequenter
1283 1920 1346 1961 non

243 2019 345 2093 potest
368 2009 470 2094 aliqua
492 2010 631 2094 potentia
650 2009 769 2093 passiva
788 2010 958 2093 comparari
977 2009 1016 2074 ad
1035 2009 1125 2073 aliam
1141 2018 1176 2074 ut
1197 2010 1294 2075 maior
1307 2011 1347 2074 ad

244 2121 404 2186 minorem.
448 2122 482 2185 4⁰
500 2120 637 2200 tandem,
653 2128 689 2184 ut
715 2128 824 2186 caetera
848 2120 999 2199 omittam,
1019 2120 1205 2185 elementum
1229 2120 1346 2185 habens

246 2233 391 2297 maiorem
415 2232 477 2297 vim
503 2232 632 2297 activam
661 2232 769 2316 nequit
794 2254 832 2296 ex
856 2231 914 2295 hac
940 2230 1053 2297 maiore
1075 2232 1189 2296 virtute
1212 2233 1346 2317 accipere

246 2346 391 2410 maiorem
405 2346 468 2410 vim
493 2345 654 2430 passivam,
670 2354 739 2408 tum
763 2353 890 2429 propter
912 2344 1045 2408 rationes
1070 2344 1131 2408 iam
1155 2344 1261 2423 dictas,
1277 2352 1345 2408 tum
1381 2396 1385 2403 .

245 2458 316 2542 quia
331 2459 429 2523 virtus
451 2456 548 2523 activa
570 2478 634 2521 uon
649 2456 725 2521 dicit
739 2457 871 2520 formam
895 2465 931 2521 nt
945 2456 1075 2521 formam
1089 2457 1223 2542 praecise,
1239 2480 1294 2522 seu
1310 2467 1346 2523 ut

246 2568 372 2635 dantem
401 2590 466 2633 esse
491 2568 635 2647 materiae,
658 2567 711 2632 sed
736 2567 811 2631 dicit
835 2567 1053 2651 proprietatem
1081 2568 1281 2634 resultantem
1310 2593 1346 2635 ex

244 2682 343 2747 forma
351 2681 382 2745 in
393 2682 520 2746 materia
528 2680 723 2759 existente,et
732 2678 857 2763 quidem
868 2677 1039 2744 ordinatam
1049 2679 1089 2744 ad
1099 2680 1158 2744 alia
1168 2684 1344 2760 extrinseca,

246 2815 310 2859 non
325 2815 395 2859 vero
410 2791 449 2857 ad
471 2792 721 2857 informationem
740 2790 884 2870 materiae,
899 2813 936 2854 ex
951 2813 1012 2875 qua
1032 2790 1175 2876 dirigitur
1189 2792 1228 2856 ad
1251 2803 1345 2858 extra.

247 2904 328 2982 Quia
343 2926 415 2988 ergo
437 2904 535 2968 maior
548 2903 645 2968 virtus
660 2902 767 2981 activa,
783 2902 854 2966 licet
877 2902 989 2967 habeat
1011 2911 1114 2967 actum
1138 2902 1345 2984 intensiorem,

247 3025 278 3081 et
293 3026 397 3082 causet
413 3017 584 3100 passionem
599 3014 810 3093 intensiorem,
825 3036 889 3078 non
910 3023 1015 3081 tamen
1029 3015 1122 3079 habet
1137 3025 1241 3081 actum
1255 3040 1346 3083 suum

246 3128 280 3193 in
300 3128 437 3208 materia,
453 3150 489 3193 ex
503 3150 564 3213 qua
584 3126 778 3205 diffunditur,
793 3136 825 3192 et
846 3126 964 3192 nullam
986 3127 1080 3192 etiam
1101 3128 1134 3191 in
1156 3128 1223 3193 aliis
1243 3139 1347 3195 causat

247 3221 470 3323 passivitatem,
481 3239 535 3303 sed
558 3239 593 3303 iu
616 3238 691 3323 ipsis
716 3260 784 3303 eam
808 3239 1028 3323 praesupponit,
1043 3246 1079 3303 ut
1104 3240 1202 3324 possit
1225 3251 1347 3306 actuare

246 3352 437 3437 passionem3
460 3351 528 3415 ideo
550 3350 721 3415 nullussest
744 3350 871 3415 omnino
894 3349 1029 3414 influxus
1042 3350 1165 3415 virtutis
1187 3352 1292 3416 activae
1314 3353 1347 3415 in

247 3463 382 3549 aliquam
405 3463 614 3548 passivitatem
634 3461 834 3540 efficiendam,
856 3462 910 3526 sed
934 3470 1058 3526 tantum
1081 3462 1114 3525 in
1140 3463 1346 3547 passivitatem

248 3574 510 3660 praesuppositam,
522 3575 716 3660 inquantum
730 3573 873 3658 producit
884 3573 1034 3637 actualem
1045 3574 1228 3658 passionem.
1264 3576 1348 3657 Ilrgo

247 3686 344 3751 maior
373 3685 422 3751 vel
449 3686 550 3750 minor
578 3687 624 3751 vis
652 3686 759 3765 activa,
789 3707 890 3770 neque
922 3686 1068 3769 postulat,
1097 3709 1197 3772 neque
1229 3687 1348 3751 inducit

248 3800 393 3863 maiorem
409 3797 457 3862 vel
470 3797 618 3861 minorem
635 3796 852 3882 passivitatem.

291 3908 339 3973 Ex
367 3907 417 3972 his
450 3907 683 3993 probationibus
716 3908 866 3993 sequitur,
895 3930 1018 3973 omnem
1048 3907 1206 3973 materiam
1238 3909 1349 3975 habere

249 4019 400 4105 aequalem
428 4020 646 4105 passivitatem,
662 4020 861 4104 quantumvis
890 4019 1015 4084 diversae
1042 4042 1108 4084 csse
1132 4021 1253 4104 possint
1272 4023 1349 4087 vires

250 4130 353 4195 activae
373 4130 407 4194 in
421 4130 547 4195 diversis
567 4130 735 4197 elementis.
781 4131 875 4195 Posse
898 4140 1000 4195 autem
1016 4131 1094 4197 vires
1114 4132 1226 4197 activas
1248 4133 1281 4197 in
1302 4134 1348 4199 di-

249 4242 343 4306 versis
364 4241 476 4307 habere
498 4242 644 4308 maiorem
658 4242 707 4306 vel
729 4243 880 4308 minorem
901 4242 1123 4323 intensitatem,
1139 4246 1266 4309 omnino
1289 4248 1349 4310 evi·

250 4354 397 4431 deusest,
413 4375 510 4437 quum
531 4352 616 4418 nulla
638 4374 763 4438 prorsus
783 4353 861 4417 ratio
884 4352 916 4417 iu
937 4355 1123 4419 contrarium
1138 4356 1214 4441 fingi
1233 4359 1348 4441 possit:
