3200 4984
193 399 265 443 car.
282 382 353 465 rra]
580 402 697 446 annau
715 402 950 449 sarcasmum.
1257 382 1298 443 65

237 563 292 630 56.
314 567 418 651 Atque
441 567 491 631 bic
516 566 692 633 addendum
715 579 773 649 ast,
793 592 894 635 veram
917 590 983 633 esse
1005 566 1187 633 sententiam
1203 566 1297 631 Aver-

192 676 263 757 rois,
294 700 386 762 quam
418 678 450 743 S.
475 673 608 744 'lbomas
637 676 757 766 putavit
785 705 912 768 prorsus
940 678 1170 765 impossibilem.
1214 679 1297 743 Nam

193 780 351 870 dverroes,
366 790 446 855 sicut
465 801 497 855 et
514 791 565 857 alii
579 792 694 877 plures,
709 805 740 857 et
755 803 791 857 ut
807 796 872 878 ipse
889 794 921 857 S.
937 793 1080 870 Thomas,
1096 791 1221 855 nomine
1236 790 1296 854 ele·

194 909 367 966 mentorum
393 902 573 988 intelligunt
596 926 660 968 non
685 905 836 970 elementa
861 904 914 968 illa
940 903 1097 989 simplicia,
1123 904 1161 967 de
1184 902 1297 987 quibus

194 1022 293 1096 agunt
318 1014 422 1097 plures
448 1014 569 1101 physici
594 1015 735 1080 hodierni
762 1020 846 1101 (quae
870 1016 908 1081 ab
934 1015 1068 1100 antiquis
1094 1024 1198 1081 vocata
1224 1024 1297 1079 sunt

195 1124 301 1208 atomi)
327 1124 380 1188 sed
402 1125 584 1209 intelligunt
605 1128 712 1210 iprum,
725 1150 843 1210 aquam,
859 1150 964 1206 aerem,
985 1136 1016 1190 et
1038 1134 1156 1191 terram.
1200 1124 1298 1209 Atqui

192 1234 385 1299 verissimum
398 1228 452 1300 'est
471 1230 585 1300 forinas
604 1236 714 1301 harum
732 1247 912 1302 naturarum
928 1237 1140 1301 constitutivas
1154 1258 1217 1300 non
1233 1258 1299 1299 esse

87 1346 92 1357 '
193 1343 309 1407 formas
326 1344 554 1425 substantiales,
570 1369 628 1411 nec
649 1346 762 1411 formas
777 1356 900 1411 tantum
923 1347 1131 1426 accidentales,
1148 1346 1212 1411 sed.
1223 1346 1300 1431 quid

194 1456 341 1520 medium.
386 1457 472 1542 Ilrgo
490 1480 560 1521 vera
581 1467 628 1521 est
651 1459 803 1523 sententia
831 1459 983 1524 Averrois.
1029 1458 1134 1523 Minor
1156 1467 1240 1543 patet
1262 1481 1299 1523 ex

195 1566 243 1647 iis,
258 1590 328 1652 quae
350 1567 484 1632 diximus
507 1578 538 1633 et
559 1569 754 1654 probavimus
776 1593 808 1634 n.
833 1573 884 1635 40.
908 1580 939 1634 et
961 1570 1169 1655 sequentibus.
1215 1570 1297 1634 Nam

194 1702 292 1763 quum
306 1679 450 1765 quaelibet
465 1703 501 1743 ex
515 1680 564 1745 his
578 1682 697 1746 naturis
712 1683 752 1745 sit
767 1682 944 1767 composita,
960 1703 1026 1747 non
1041 1682 1140 1746 solum
1151 1681 1243 1745 habet
1252 1689 1303 1745 tot

193 1790 308 1854 formas
323 1790 550 1870 substantiales,
563 1801 639 1876 quot
654 1801 727 1856 sunt
742 1801 844 1877 partes
856 1793 1081 1872 substantiales,
1093 1792 1205 1877 quibus
1216 1814 1298 1855 com-

194 1903 332 1986 ponitur,
350 1903 404 1966 sed
426 1902 520 1967 habet
541 1902 634 1966 etiam
657 1926 744 1967 suam
759 1904 914 1989 propriam
930 1904 1190 1989 compositionem,
1205 1902 1299 1967 idest

195 2014 481 2078 determinationem
495 2014 656 2094 virtutum,
672 2038 741 2099 quae
763 2024 836 2079 sunt
859 2015 892 2078 in
913 2015 1020 2079 formis
1035 2014 1298 2095 substantialibus,

195 2124 234 2189 ad
255 2122 474 2196 determinatos
496 2134 593 2203 actus,
609 2125 720 2210 quibua
735 2126 934 2190 constituitur
948 2125 1050 2191 taliter
1064 2148 1168 2208 agens.
1214 2125 1300 2189 Illud

193 2234 301 2319 igitur,
316 2256 377 2319 quo
399 2236 499 2319 primo
520 2236 719 2299 constituitur
740 2236 810 2301 talis
833 2245 952 2315 natura,
968 2259 1031 2301 non
1050 2245 1096 2299 est
1114 2236 1211 2300 forma
1226 2235 1298 2300 sub-

195 2344 359 2425 stantialis,
376 2345 431 2409 sed
447 2346 609 2410 nataralia:
634 2369 702 2431 quae
724 2345 822 2411 forma
841 2347 989 2411 naturalis
1012 2356 1058 2411 est
1078 2346 1203 2431 quidem
1223 2348 1299 2411 acci·
1385 2338 1392 2354 ⁹

196 2457 272 2521 dens
298 2465 439 2541 respectu
462 2457 722 2541 componentium,
750 2457 802 2521 sed
828 2479 892 2522 non
917 2466 963 2521 est
992 2456 1131 2522 accidens
1160 2465 1300 2541 respectu

195 2568 357 2653 compositi
382 2567 466 2652 quod
488 2577 631 2631 naturam
654 2567 748 2631 talem
770 2567 873 2645 habet,
897 2577 934 2631 ut
957 2590 1050 2652 supra
1073 2567 1300 2651 explicavimus.

195 2679 253 2743 Est
267 2702 340 2764 ergo
354 2679 471 2765 aliquid
486 2679 632 2746 medium.
677 2734 681 2741 .

240 2794 293 2856 57.
318 2791 378 2855 Sed
395 2792 427 2854 S.
443 2790 586 2871 Thomas,
602 2812 638 2854 co
659 2789 745 2875 quod
765 2798 889 2875 putaret
910 2800 1043 2876 quatuor
1062 2789 1212 2855 elementa
1234 2812 1300 2854 esse

196 2901 523 2986 primass'ubstantias,
539 2924 603 2965 non
617 2902 721 2986 potuit
735 2901 968 2986 explicationem
979 2900 1117 2965 Avcrrois
1129 2900 1300 2980 admittere,

195 3021 232 3076 ut
253 3012 378 3077 evidens
399 3023 455 3077 est.
502 3013 612 3097 Itaque
635 3012 678 3076 sic
692 3012 871 3097 respondit:
897 3014 959 3076 sed
971 3015 1024 3077 bac
1045 3022 1090 3077 est
1104 3014 1193 3076 etiam
1207 3014 1303 3096 mapis.

196 3126 383 3209 impossibile.
436 3125 518 3189 Nam
540 3147 600 3189 asse
621 3125 815 3189 substantiale
837 3124 990 3189 cuiuslibet
1011 3128 1055 3188 rei
1077 3126 1108 3188 ia
1131 3126 1304 3189 indivisibili

197 3239 349 3311 martin
371 3245 405 3315 et·
421 3239 517 3301 amois
543 3237 655 3301 additio
676 3246 707 3301 et
726 3238 888 3301 subtractio
910 3239 1007 3301 variat
1028 3238 1159 3321 speciem,
1174 3240 1250 3301 aaut
1270 3239 1302 3299 ia

197 3351 334 3429 nomam,
349 3357 383 3413 at
402 3350 510 3413 dicitur
524 3352 556 3412 ia
567 3350 598 3411 8.
614 3350 776 3433 metaphys.
798 3348 883 3431 (teat.
902 3350 979 3431 10.).
1030 3348 1110 3412 Unde
1126 3349 1303 3432 impossibile

197 3469 241 3525 cst
264 3463 344 3545 qaod
348 3459 451 3545 farma
472 3461 675 3525 substantialis
697 3482 881 3544 quacumque
895 3462 1019 3543 recipiat
1034 3462 1127 3545 mapis
1141 3469 1171 3525 et
1185 3456 1301 3525 minas:

197 3594 251 3637 aec
264 3572 361 3636 minas
373 3580 417 3636 cst
431 3573 609 3657 impossibile
623 3572 738 3655 aliquid
749 3594 810 3636 esse
821 3572 945 3635 mediam
959 3574 1036 3637 inter
1057 3573 1251 3637 substantiam
1273 3580 1303 3636 ct

198 3686 339 3749 accidens.
385 3683 499 3747 'lotum
518 3683 576 3747 hoc
598 3682 791 3748 ratiocinium
811 3683 889 3747 benc
911 3681 1057 3767 procedit,
1074 3682 1100 3747 si
1126 3692 1236 3767 agatur
1264 3683 1303 3749 de

197 3796 296 3861 forma
309 3794 505 3861 substantiali
520 3795 624 3859 stricte
639 3802 773 3879 sumpta.
820 3792 880 3857 Sed
890 3816 925 3857 ex
941 3792 1030 3857 dictis
1045 3793 1196 3857 elementa
1209 3794 1303 3877 ignis,

197 3931 295 3993 aqnae,
307 3917 364 3974 etc.
374 3930 437 3973 non
447 3907 679 3971 constituuntur
689 3904 781 3991 ignis,
791 3928 879 3990 aqua,
892 3914 949 3969 stc.
962 3904 1016 3989 per
1026 3904 1161 3990 aliquam
1172 3906 1302 3970 formam

198 4019 430 4085 substantialem
443 4018 560 4083 vstricte
583 4015 753 4103 sumptam,
779 4017 833 4081 sed
862 4038 916 4101 per
944 4016 1073 4080 formam
1102 4016 1303 4081 resultantem

197 4132 426 4197 accidentaliter
440 4132 474 4195 in
494 4129 642 4215 partibus,
657 4127 849 4193 essentialem
866 4136 969 4192 tamen
984 4138 1101 4193 naturae
1116 4128 1301 4212 compositas.

200 4246 318 4308 Formae
332 4266 402 4308 vero
425 4242 639 4308 substantiales
656 4241 792 4326 partium
810 4262 873 4303 non
888 4248 960 4303 sunt
976 4239 1035 4303 nisi
1044 4242 1225 4324 principiam
1233 4241 1302 4324 for-

198 4357 279 4442 male·
296 4356 446 4440 qood,ch
464 4363 626 4428 remotam:
648 4353 747 4417 lorma
771 4360 874 4416 autem
901 4351 1099 4415 constitutiva
1123 4350 1212 4414 debet
1238 4373 1304 4415 esse

1110 4484 1128 4524 n
