3200 4984
209 420 280 463 cnr.
297 400 352 483 m]
570 422 612 463 nn
628 406 748 465 rmn'us
764 420 954 464 cormunis.
1245 400 1310 465 273

250 589 304 651 31.
328 584 485 663 Quaeritur
499 586 549 652 hic
564 588 673 671 primo,
690 597 789 652 utrum
803 590 888 653 detur
902 589 1004 673 aliquo
1019 589 1137 653 duratio
1151 597 1243 654 etune.

251 699 431 784 Respondec
446 700 632 765 affirmative.
679 702 761 765 Nam
778 704 812 765 1ο
826 700 917 766 datur
930 701 1050 766 reditas
1065 702 1192 765 immota
1206 712 1237 766 et
1252 701 1309 764 im·

207 809 375 889 mutabilis,
390 832 500 895 nempe
518 832 646 876 vacuum
666 803 852 891 absolutum,
868 812 901 876 in
923 834 984 897 quo
1004 794 1164 877 moventur
1184 834 1310 896 corpora

206 922 247 1003 (v.
263 943 356 1006 supra
370 944 401 984 n.
418 924 437 985 5
453 931 484 986 et
500 925 597 1007 seqq.)
612 948 620 987 r
643 944 716 1007 crgo
732 923 823 987 datur
834 923 955 986 duratio
969 924 1048 987 entis
1060 924 1126 988 nine
1141 923 1309 988 mutatione

206 1033 367 1113 manentis,
384 1056 437 1097 reu
455 1033 576 1098 duratio
596 1044 690 1099 stans.
736 1038 770 1100 2⁰
792 1035 895 1099 Datur
913 1034 1032 1099 duratio
1050 1034 1149 1099 fluens
1158 1061 1168 1115 3
1187 1031 1263 1119 'ergo
1277 1046 1309 1099 et

205 1144 326 1209 duratio
348 1154 442 1211 stans.
487 1146 679 1210 Antecedens
702 1169 765 1210 non
786 1146 905 1233 indiget
934 1147 1131 1233 probatione:
1162 1147 1308 1231 probatur

205 1277 403 1341 consequens.
449 1256 530 1321 Nam
551 1257 651 1321 fluxus
669 1280 732 1321 non
751 1267 852 1343 potent
871 1258 990 1343 concipi
1008 1258 1068 1322 nisi
1089 1258 1121 1322 in
1142 1257 1248 1323 ordine
1268 1256 1308 1321 ad

204 1366 330 1453 aliquod
350 1380 455 1446 stans3
478 1368 548 1454 quia
570 1368 670 1432 fluxus
690 1377 737 1433 est
755 1390 810 1449 ens
826 1391 904 1454 pure
918 1369 1088 1449 relativum,
1102 1368 1185 1455 quod
1200 1370 1307 1454 nequit

204 1478 332 1565 concipi,
348 1480 407 1545 nini
426 1480 648 1566 praesupposito
668 1502 705 1544 eo
727 1480 877 1561 absoluto,
892 1482 925 1545 in
939 1504 1002 1566 quo
1016 1481 1164 1545 fundatur
1179 1481 1306 1545 relatio:

203 1599 235 1654 et
257 1590 309 1671 sic,
333 1600 368 1655 ut
391 1601 492 1656 motus
522 1592 629 1678 nequit
650 1592 780 1677 concipi,
804 1593 864 1656 nisi
885 1592 1105 1678 praeaupposito
1125 1587 1225 1677 spatio
1246 1593 1305 1657 im-

204 1703 320 1783 mobili,
342 1705 455 1791 inquo
475 1705 538 1784 fiat,
556 1704 600 1767 ita
617 1703 738 1768 duratio
758 1704 858 1768 fluens
875 1706 982 1789 nequit
1000 1704 1128 1789 concipi,
1149 1704 1209 1768 nisi
1228 1726 1305 1789 prae·

201 1817 360 1901 supposita
379 1816 538 1882 duratione
558 1825 668 1895 stante,
684 1839 738 1901 per
757 1839 851 1903 quam
871 1816 958 1895 fluat,
974 1839 1010 1881 eo
1032 1817 1124 1882 modo
1145 1839 1238 1903 quem
1251 1839 1304 1881 cx·

202 1926 384 2013 plicabimus
399 1930 470 1995 cito.

245 2040 299 2105 32.
322 2039 479 2119 Quaeritur
506 2040 650 2119 secundo,
680 2048 778 2103 utrum
800 2040 918 2104 duratio
939 2048 1021 2105 atone
1042 2041 1082 2103 cit
1103 2040 1233 2117 realiter,
1264 2063 1304 2102 cn

197 2172 307 2234 pamm
322 2152 405 2215 nihil.

247 2261 428 2346 Respondeo
443 2282 506 2327 nou
521 2285 586 2327 ense
601 2286 712 2348 purum
729 2262 817 2341 nihil,
829 2261 884 2326 sed
898 2261 1076 2326 realitatem.
1122 2261 1202 2325 Nam
1221 2265 1253 2325 l⁰
1267 2262 1303 2325 fit

202 2374 303 2439 fluxus
318 2373 476 2438 durativus
490 2374 524 2439 in
538 2373 700 2440 duratione
714 2384 835 2440 stante:
858 2374 944 2459 atqui
958 2374 992 2437 in
1007 2374 1105 2439 nihilo
1120 2374 1197 2438 nihil
1212 2374 1302 2451 fluit,

200 2507 274 2569 crgo
295 2485 415 2550 duratio
433 2497 517 2551 stans
540 2496 666 2551 nonest
687 2487 774 2551 nihil.
817 2490 855 2552 2⁰
876 2488 995 2551 Purnm
1011 2487 1089 2552 nihil
1107 2510 1168 2551 non
1191 2487 1302 2552 fundat

201 2597 377 2662 relationem
398 2598 528 2663 realem:
551 2599 637 2683 atqui
657 2599 777 2663 duratio
795 2608 882 2663 stans
901 2598 1011 2664 fundat
1030 2598 1207 2663 relationem
1222 2602 1303 2663 inter

189 2687 287 2795 'priua
309 2718 340 2773 et
362 2720 442 2794 post,
457 2731 525 2795 quae
547 2720 593 2773 est
615 2719 695 2775 certe
710 2710 808 2775 realir.
853 2710 947 2795 Ergo.
992 2708 1082 2774 Proh.
1098 2711 1173 2773 mim
1218 2709 1301 2774 Nam

201 2820 437 2885 fundamentum
460 2820 614 2885 relationis
641 2822 721 2886 inter
745 2822 831 2907 priua
856 2831 887 2886 ct
913 2830 992 2905 port,
1008 2844 1063 2885 seu
1083 2822 1115 2886 id
1138 2844 1193 2907 per
1218 2821 1302 2906 quod

201 2954 283 2997 unua
306 2941 409 2997 motus
432 2933 515 3018 prior
537 2933 660 3018 respicit
683 2934 777 2997 alium
800 2934 1008 3019 posteriorem,
1029 2942 1076 2998 ert
1099 2933 1214 3019 aliquid
1239 2956 1301 2997 non

201 3041 317 3107 habena
331 3042 417 3126 prius
430 3053 462 3107 et
477 3052 557 3127 post,
574 3043 605 3107 id
620 3051 665 3107 ent
681 3066 744 3107 non
758 3042 868 3123 fluens,
884 3043 939 3108 aed
953 3053 1048 3108 utana.
1073 3043 1107 3108 Si
1120 3045 1204 3108 enim
1218 3044 1302 3109 istud

201 3153 437 3219 fundamentum
459 3162 538 3217 esset
559 3152 675 3240 aliquid
690 3176 745 3239 per
759 3155 846 3239 priua
860 3163 891 3218 ct
905 3171 986 3241 poet,
1000 3164 1081 3219 earet
1095 3154 1211 3241 aliquid
1225 3156 1301 3249 rela7

200 3266 309 3343 tivum,
323 3274 355 3329 et
377 3265 415 3330 de
436 3288 473 3329 eo
495 3266 562 3351 ipso
584 3266 695 3330 iterum
718 3276 903 3352 quaercretur
923 3267 956 3331 in
978 3290 1040 3352 quo
1060 3268 1171 3333 hebeat
1190 3268 1300 3332 lunda·

199 3385 359 3441 mentum:
388 3387 420 3440 et
449 3376 491 3441 sic
516 3377 627 3440 iterum
654 3385 684 3440 et
710 3377 832 3457 iterum,
853 3377 949 3443 donec
971 3379 1019 3443 vel
1043 3380 1237 3464 perveniatur
1261 3380 1300 3446 ad

199 3488 392 3553 durationem
418 3498 561 3569 stantem,
585 3489 633 3553 vel
656 3488 775 3553 nullum
801 3490 974 3555 inveniatur
998 3491 1244 3571 fundamentum,
1269 3504 1300 3556 et

196 3600 296 3664 omnis
311 3600 417 3665 relatio
432 3586 585 3687 perprius
600 3610 714 3685 etpost
730 3601 768 3664 de
783 3602 883 3665 medio
897 3602 1033 3667 tollatur.
1078 3604 1247 3690 Siquidem,
1264 3616 1299 3667 ut

197 3712 370 3777 notavimus
394 3736 495 3797 supra,
510 3736 601 3779 omne
621 3712 779 3778 relativum
797 3713 916 3797 indiget
937 3713 1060 3779 fundari
1081 3716 1113 3779 in
1128 3715 1231 3800 aliquo
1245 3715 1298 3780 ab·

196 3823 309 3887 soluto.
354 3824 419 3888 Nec
442 3824 534 3904 dicas,
550 3824 770 3891 successionem
793 3846 856 3889 non
874 3825 993 3909 erigere
1007 3826 1199 3891 durationem
1214 3839 1298 3892 atan-

196 3943 259 3999 tem
274 3935 355 4003 inter
371 3936 454 4021 prius
467 3945 499 4000 et
514 3952 593 4021 port,
609 3959 645 4001 ex
667 3959 703 4001 eo
722 3936 815 4021 quod,
831 3937 857 4001 si
874 3937 994 4002 duratio
1012 3938 1192 4005 intermedia
1211 3942 1297 4019 fluat,

196 4047 332 4113 manebit
353 4049 511 4128 succensio,
527 4057 558 4113 et
578 4061 709 4133 nequeat
728 4072 850 4111 orauere
865 4049 1023 4129 successio,
1039 4051 1099 4114 nisi
1113 4075 1167 4137 per
1180 4053 1297 4119 fluxum
1388 4096 1393 4103 ‚

195 4159 410 4223 intermedium
425 4185 431 4224 :
455 4182 525 4223 nam
538 4160 591 4245 qui
604 4162 750 4245 supponit
765 4160 956 4224 durationem
972 4162 1184 4227 intermediam
1199 4165 1296 4231 fluen-

195 4281 269 4349 tem,
289 4292 325 4334 eo
348 4271 416 4355 ipso
442 4273 651 4357 praesupponit
673 4272 866 4335 durationem
894 4282 1036 4354 stantem,
1059 4280 1171 4360 inqua
1196 4278 1297 4343 fluxus

117 4403 122 4415 ·
195 4382 257 4444 fiat.
304 4385 339 4445 3⁰
362 4382 519 4461 Praeterea,
537 4383 562 4446 si
583 4382 705 4447 duratio
727 4392 812 4446 stans
834 4393 913 4448 esset
935 4408 1046 4469 purum
1071 4387 1157 4465 nihil,
1174 4389 1295 4453 nullum

1106 4519 1124 4558 r
