3200 4984
218 396 291 441 cnr..
307 376 365 461 11.]
544 396 588 439 nr
603 394 807 441 curararum
823 395 1006 440 coarctans.
1257 379 1317 441 141

266 616 318 679 56.
346 582 474 678 obiicias
489 614 533 679 1⁰.
577 613 723 699 AEquatio
738 586 855 727 υέἔῖς,
874 614 971 677 sitiat
991 613 1075 677 d=0
1093 635 1158 678 non
1172 612 1224 679 dat
1247 614 1320 680 sim·

218 775 346 862 pliciter.
365 772 469 845 o'.=oo
480 824 490 855 ‚
516 774 570 840 sed
599 775 652 841 dat
677 775 804 840 omnino
828 773 963 839 c'=co².
1007 774 1102 859 Ergo,
1128 775 1248 841 etiamsi
1270 775 1321 841 hic

218 886 302 951 valor
327 885 549 969 multiplicetur
577 908 632 971 per
660 884 894 949 infinitesimnm
922 883 1000 949 illud
1029 885 1071 964 dt,
1094 894 1197 956 manet
1221 886 1322 953 adhuc

218 998 297 1062 actio
341 997 479 1076 infinita3
511 997 582 1066 ‚erit
626 996 710 1062 enim
746 996 830 1061 valor
875 995 1034 1061 absolutus
1076 1005 1106 1060 et
1143 996 1322 1062 entitativus

218 1107 512 1174 cdt=co⁹.dt='co.
564 1108 649 1193 Ilrgo
673 1108 781 1193 nequit
811 1107 933 1172 admitti
957 1108 1147 1172 continuatio
1169 1106 1247 1192 legis
1273 1131 1321 1173 ac-

221 1220 316 1285 tionis
345 1220 378 1282 in
401 1219 520 1283 ratione
542 1218 661 1282 inversa
678 1218 895 1303 quadraturam
920 1217 1136 1282 distantiarum
1160 1240 1258 1303 usque
1281 1218 1321 1283 ad

221 1332 325 1417 ipsum
355 1339 506 1410 centrum,
534 1329 595 1394 nisi
623 1330 768 1415 ponendo
796 1330 859 1395 vim
896 1330 1030 1395 materiae
1065 1352 1130 1395 esse
1166 1330 1324 1396 entitative

220 1442 383 1507 infinitam.

237 1553 445 1639 ¹Respondeo
466 1554 596 1639 repando
618 1554 797 1618 antecedens.
844 1553 926 1619 Nam
948 1553 1019 1619 licet
1041 1554 1239 1619 infinitesima
1253 1577 1322 1640 pos·

221 1666 284 1731 sint
298 1666 384 1732 evehi
399 1666 439 1730 ad
453 1644 586 1750 aliquam
601 1666 782 1750 potentiam,
797 1675 834 1731 ut
858 1690 936 1752 sape
954 1668 1000 1747 fit,
1016 1688 1078 1731 non
1098 1675 1199 1752 potest
1218 1676 1322 1732 tamen

220 1778 302 1843 idem
316 1778 382 1843 fieri
396 1778 476 1843 circa
492 1778 625 1842 nihilum
645 1778 842 1844 absolutum:
866 1779 938 1864 quia
957 1779 1190 1843 infinitesimum
1212 1778 1323 1843 retinet

221 1900 363 1955 naturam
374 1889 569 1976 quantitatis,
585 1890 660 1954 dum
675 1889 808 1955 nihilum
823 1890 998 1955 ahsolutum
1014 1911 1076 1955 non
1092 1900 1138 1955 cst
1156 1891 1322 1976 quantitas.

219 2002 262 2067 llt
283 2010 513 2088 consequenter,
529 2002 677 2087 quamdiu
698 2012 802 2070 manet
825 2003 926 2089 aliqua
948 2002 995 2067 vel
1018 2003 1146 2067 minima
1168 2003 1323 2083 distantia,

220 2113 370 2182 retinetur
390 2135 546 2198 exponens
563 2114 728 2198 potentiae3
757 2114 813 2179 sed
833 2136 890 2200 pro
913 2114 1060 2179 distantia
1080 2113 1218 2179 absolute
1237 2114 1324 2179 nulla

220 2227 333 2294 servari
355 2236 418 2290 non
442 2233 564 2311 potest,
586 2248 644 2291 nec
668 2225 752 2290 enim
775 2226 902 2291 haberet
926 2225 1059 2311 aliquem
1085 2247 1219 2290 sensum.
1263 2226 1324 2289 Ex-

219 2360 338 2424 ponens
360 2359 433 2422 ergo
455 2361 519 2402 non
540 2337 633 2402 habet
651 2337 784 2423 amplius
798 2337 902 2402 locum
916 2359 972 2422 pro
987 2336 1150 2423 hypothesi
1165 2337 1269 2415 d=03
1293 2346 1324 2401 et

219 2449 289 2515 ideo
302 2449 399 2535 accipi
414 2448 504 2513 debet
519 2458 676 2533 tamquam
690 2451 844 2533 ceatipium
858 2450 962 2513 inatile
976 2450 1125 2513 miusdam
1140 2450 1323 2529 coaditioara,

220 2589 285 2650 qaae
295 2567 398 2629 hahuit
413 2566 506 2629 locum
517 2572 683 2649 antequam
698 2563 737 2627 ad
752 2570 892 2627 centrum
906 2563 1126 2648 perveniretur,
1138 2585 1206 2648 quae
1221 2571 1324 2627 tamen

220 2676 349 2741 cessavit
363 2684 559 2741 evanescente
574 2676 603 2740 d.
649 2675 689 2739 llt
703 2698 808 2739 revera
830 2675 884 2739 illa
904 2674 1060 2760 quantitas
1080 2673 1116 2737 d²
1137 2675 1266 2739 refertur
1286 2674 1325 2738 ad

221 2786 413 2873 superficiem
450 2786 638 2871 s'phoericam,
668 2788 702 2850 in
739 2808 832 2871 quam
862 2786 941 2850 actio
969 2784 995 2849 o'
1031 2795 1195 2866 exercetur,
1225 2795 1256 2850 et
1285 2786 1325 2850 oh

220 2899 371 2964 rationem
394 2896 465 2963 talis
490 2898 660 2983 superficiei
689 2897 782 2962 habet
811 2876 1023 2983 exponentem.
1070 2897 1131 2962 Sed
1159 2898 1193 2962 in
1221 2906 1326 2962 centro

220 3018 318 3075 cessat
333 3009 434 3075 omnis
448 3009 526 3074 ratio
540 3008 719 3094 superficiei,
734 3018 765 3073 et
780 3018 884 3073 manet
899 3017 1049 3094 punctum
1065 2996 1132 3074 sine
1146 3009 1324 3095 superficie3

220 3144 296 3207 ergo
310 3121 465 3206 exponens
480 3122 512 3184 in
527 3129 632 3185 centro
646 3121 682 3184 fit
697 3120 816 3185 inutilis
831 3130 862 3185 et
877 3120 1038 3185 absurdus.

269 3234 479 3297 Confirmatnr
500 3232 565 3297 haec
587 3232 745 3317 responsio
767 3232 923 3297 evidenter
951 3254 988 3296 ex
1016 3218 1174 3296 corollario
1206 3242 1324 3318 quarto.

223 3345 330 3423 Quum
349 3345 432 3409 enim
449 3344 493 3408 ihi
515 3352 635 3408 constet
651 3350 696 3422 (n.
712 3345 777 3427 51.)
795 3343 944 3409 actionem
965 3343 1090 3408 totalem
1109 3344 1142 3408 in
1158 3344 1326 3429 qnamhbet

220 3458 374 3543 sphaeram
399 3457 452 3540 (et¹
463 3456 532 3521 ideo
554 3456 692 3521 absolute
714 3456 974 3541 independentem
991 3480 1009 3521 a
1023 3456 1160 3541 quolibet
1176 3456 1274 3520 valore
1289 3457 1323 3541 d)

223 3570 289 3634 esse
302 3572 424 3635 adar.
436 3590 488 3649 oo,
511 3569 543 3633 id
565 3578 612 3634 est
633 3569 790 3634 infinitum
812 3568 903 3654 primi
926 3568 1052 3649 ordinis,
1068 3577 1161 3654 patet,
1177 3570 1269 3635 etiam
1292 3570 1325 3635 in

223 3689 338 3760 centro,
360 3680 416 3756 nbi
441 3682 463 3746 d
486 3682 646 3759 evanescit,
667 3681 731 3756 fore
757 3680 914 3745 infinitum
940 3681 1033 3765 primi
1057 3680 1183 3759 ordinis,
1207 3690 1237 3745 et
1261 3704 1325 3746 non

224 3792 362 3857 secundi.
398 3792 501 3869 Quare
516 3791 748 3877 multiplicando
762 3792 847 3856 illam
861 3815 917 3877 per
930 3792 972 3871 dt,
988 3790 1151 3856 habebitur
1164 3792 1325 3857 intensitas

223 3903 364 3968 absoluta
377 3904 474 3983 finita,
490 3912 520 3968 et
535 3926 598 3968 non
613 3904 743 3968 infinita.

268 4018 320 4081 5⁷.
349 4016 537 4080 chirotecae
584 4015 689 4092 Quum
713 4016 792 4080 circa
818 3998 967 4100 punctum
993 4016 1113 4100 concipi
1135 4015 1254 4099 possint
1276 4014 1324 4080 in·

223 4126 319 4190 finitae
348 4127 521 4212 superficies
550 4127 704 4212 sphaericae
733 4148 831 4212 usque
860 4128 893 4190 in
923 4124 1089 4206 infinitum,
1116 4126 1194 4191 actio
1222 4126 1325 4191 totalis

225 4238 332 4323 puncti
348 4238 512 4303 materiahs
526 4238 560 4303 in
575 4246 675 4303 totum
696 4239 878 4303 continuum
901 4238 1056 4302 infinitum
1077 4239 1158 4303 intra
1175 4238 1325 4301 unitatem

224 4347 372 4434 temporis
393 4350 451 4413 erit
473 4350 593 4414 infinite
615 4350 721 4429 maior,
737 4372 828 4435 quam
852 4349 941 4431 actio,
958 4372 1026 4434 quae
1048 4358 1202 4414 exercetur
1216 4350 1250 4413 in
1264 4370 1326 4414 una
