3200 4984
306 382 348 444 82
621 405 664 447 nn
681 404 884 447 suasrnnrrr
900 404 1081 449 consonas.
1284 382 1367 467 [car.
1387 404 1410 446 1.

305 567 473 631 necessaria
484 563 651 652 possident,
663 567 695 631 in
707 567 820 653 quibus
835 566 992 653 particulae
1005 566 1137 631 fluentes
1152 576 1205 631 aut
1221 566 1333 647 solidae,
1349 567 1408 632 etsi

305 678 381 743 adeo
396 679 544 759 minimae,
556 689 590 744 ut
606 701 669 745 non
680 680 769 745 liceat
780 679 869 745 nobis
881 703 931 745 eas
943 679 1006 745 ullo
1018 679 1216 764 microscopio
1225 679 1407 759 discernere,

307 789 513 856 subiiciuntur
535 800 639 856 tamen
668 790 769 857 adhuc
794 791 1072 857 combinationibus
1100 801 1131 857 et
1157 789 1410 855 dissolutionibus

306 903 445 969 chimicis
459 905 660 970 nutritionem
674 913 706 969 et
721 904 944 990 vegetationem
959 903 1067 968 talium
1083 904 1261 968 animalium
1281 924 1409 968 causan-

306 1016 391 1081 tibus
406 1026 460 1083 aut
475 1016 704 1082 comitantibus.
737 1017 787 1081 De
801 1017 859 1082 hac
871 1017 948 1082 mira
958 1017 1093 1082 materiae
1105 1016 1311 1081 divisibilitate
1322 1014 1410 1079 nulla

307 1149 432 1212 prorsus
446 1137 493 1192 est
508 1128 654 1214 quaestio:
670 1150 719 1193 res
733 1128 817 1193 enim
832 1136 878 1193 est
889 1126 971 1191 facto
982 1127 1105 1213 penitus
1116 1127 1288 1213 explorata:
1303 1134 1408 1189 manet

306 1247 409 1303 tamen
433 1239 634 1325 quaerendum
659 1239 853 1325 philosopho,
872 1250 977 1304 utrum
999 1240 1064 1305 haec
1088 1238 1278 1305 divisibilitas
1296 1238 1408 1303 habere

306 1351 414 1417 debeat
427 1352 556 1417 limitem
572 1374 629 1417 nec
643 1375 702 1418 ne:
725 1375 787 1438 qua
800 1353 833 1417 in
848 1376 881 1417 re
896 1352 1023 1417 diversae
1036 1353 1168 1417 fuerunt
1179 1351 1347 1416 sententiae.

349 1464 381 1528 3.
404 1463 545 1543 Interim,
575 1486 672 1550 quum
705 1472 834 1544 constet,
865 1463 930 1529 dari
959 1463 992 1527 in
1021 1463 1148 1529 materia
1182 1452 1284 1548 partes
1313 1461 1409 1527 reales

305 1574 432 1639 mobiles
451 1597 486 1640 ac
506 1575 698 1661 separabiles,
713 1575 788 1639 adeo
804 1598 919 1661 parvas,
935 1584 971 1639 ut
985 1574 1072 1639 nullo
1087 1598 1137 1639 eas
1152 1575 1277 1659 cognito
1291 1574 1406 1638 instru-

304 1696 410 1752 mento
424 1688 522 1751 adiuti
537 1688 736 1773 contemplari
750 1688 913 1774 possimus,
928 1710 1087 1773 quumque
1101 1687 1314 1752 testimonium
1332 1708 1404 1750 ocu·

302 1795 404 1861 lorum
430 1798 472 1881 (et
488 1799 566 1863 valet
588 1799 671 1863 idem
694 1821 750 1884 pro
773 1798 841 1863 aliis
866 1798 1017 1883 sensibus)
1037 1821 1101 1863 non
1124 1798 1163 1863 sit
1178 1798 1354 1866 habendum
1369 1808 1405 1862 ut

302 1907 448 1989 validum,
463 1910 522 1974 nisi
539 1910 620 1975 iutra
637 1933 688 1975 eos
710 1911 834 1991 limites,
850 1912 889 1976 ad
908 1934 986 1997 quos
1001 1934 1107 1975 eorum
1122 1912 1166 1976 vis
1182 1912 1325 1977 sensitiva
1340 1934 1405 1975 sese

302 2020 457 2101 extendit3
480 2021 618 2106 sequitur
640 2022 718 2087 illud
738 2022 870 2107 amplius
894 2045 957 2087 non
979 2021 1087 2102 valere,
1103 2024 1226 2109 quando
1244 2024 1347 2107 agitur
1367 2023 1405 2087 de

302 2131 501 2218 inquisitione
522 2135 656 2222 partium
671 2131 812 2201 *materiae
833 2136 914 2201 infra
936 2136 1039 2201 datam
1061 2135 1306 2221 magnitudinem
1336 2159 1404 2200 scn-

303 2245 432 2311 sibilem.
479 2247 682 2334 Quapropter,
699 2249 725 2312 si
739 2271 808 2334 quae
825 2256 899 2313 sunt
921 2256 1022 2333 partes
1044 2248 1213 2334 primitivae,
1229 2271 1283 2311 seu
1305 2249 1404 2333 prima

299 2357 451 2423 elementa
465 2381 636 2445 corporum,
652 2382 696 2424 eae
711 2359 816 2444 procul
832 2359 924 2424 dubio
940 2359 1034 2424 videri
1049 2368 1104 2425 aut
1117 2359 1403 2445 quomodocumque

302 2471 408 2536 sentiri
423 2496 442 2536 a
455 2472 544 2537 nobis
558 2494 622 2536 non
638 2480 778 2557 possunt.
1013 2471 1016 2477 ’

344 2586 375 2647 4.
399 2584 445 2648 Ut
467 2583 583 2669 aliquid
604 2583 680 2648 certi
701 2591 856 2648 statuatur
878 2584 956 2647 circa
973 2582 1147 2647 ulteriorem
1164 2582 1403 2647 divisibilitatem

301 2694 481 2759 substantiae
494 2716 657 2781 corporeae,
672 2695 845 2760 notandum
865 2703 922 2773 est,
938 2694 1136 2779 proprietates
1159 2694 1314 2779 generales
1337 2717 1402 2760 cor·

300 2829 412 2891 porum
429 2831 447 2871 a
465 2808 601 2894 physicis
615 2816 808 2875 enumeratas
823 2816 854 2871 et
869 2807 1011 2872 omnibns
1025 2816 1124 2887 notas,
1140 2807 1245 2871 reduci
1259 2830 1348 2892 posse
1362 2807 1403 2872 ad

300 2928 362 2983 tres
376 2919 632 3000 fundamentales,
647 2942 684 2983 ex
699 2919 812 3005 quibus
828 2919 955 3006 reliquae
977 2941 1083 2983 omnes
1103 2918 1252 2984 oriuntur.
1300 2906 1412 2983 Prima

299 3039 346 3093 est
371 3030 575 3094 indifferentia
599 3031 718 3115 passiva
743 3030 781 3093 ad
809 3030 1017 3115 recipiendum
1043 3040 1163 3095 motum
1189 3030 1228 3095 ab
1253 3038 1345 3109 extra,
1370 3040 1402 3095 et

299 3141 412 3205 dicitur
425 3141 552 3205 inertia:
575 3166 643 3227 quae
658 3142 800 3207 convenit
815 3142 933 3225 corpori
946 3142 1064 3205 ratione
1079 3142 1223 3205 materiae.
1262 3142 1403 3207 Secunda

299 3264 346 3317 est
360 3253 405 3317 vis
423 3254 566 3320 movendi
583 3254 642 3317 alia
661 3263 750 3319 motu
768 3252 875 3317 locali:
901 3274 969 3336 quae
988 3252 1129 3317 convenit
1147 3254 1266 3339 corpori
1285 3252 1403 3318 ratione

299 3369 414 3430 formae.
457 3365 559 3429 Tertia
585 3374 631 3429 est
655 3364 855 3442 divisibilitas,
884 3380 953 3448 quae
976 3362 1117 3427 convenit
1142 3364 1260 3449 corpori
1284 3365 1401 3429 ratione

299 3478 490 3563 quantitatis.

342 3590 389 3652 Ex
403 3590 452 3654 his
474 3589 573 3654 tribus
595 3589 831 3675 proprietatibus
853 3589 952 3673 prima
973 3596 1013 3651 et
1027 3588 1159 3652 mcunda
1181 3588 1253 3652 sunt
1275 3588 1401 3651 omnino

299 3701 474 3764 essentiales
488 3702 573 3764 omni
588 3696 767 3765 substantiae
785 3699 951 3765 materiali:
974 3700 1064 3764 tertia
1079 3700 1220 3764 convenit
1235 3703 1319 3764 omni
1334 3722 1400 3765 cor-

298 3814 375 3897 pori,
391 3812 445 3877 sed
465 3812 683 3877 dubitaverunt
703 3812 886 3898 philosophi,
902 3822 1007 3874 utrum
1028 3810 1186 3875 conveniat
1204 3812 1297 3875 etiam
1316 3812 1402 3875 omni

299 3924 478 3990 substantiae
498 3926 656 4004 materiali,
676 3925 709 3989 id
728 3932 775 3988 est
794 3931 901 3987 utrum
920 3922 1021 3987 omnis
1044 3921 1217 3985 substantia
1235 3922 1401 3987 materialis

298 4039 338 4102 sit
358 4039 526 4123 composita
548 4037 749 4101 essentialiter
772 4060 808 4100 ex
826 4035 973 4121 partibus,
989 4043 1114 4119 propter
1134 4056 1210 4119 quas
1230 4034 1271 4099 sit
1289 4034 1399 4098 intrin-

297 4173 364 4213 sece
379 4160 409 4213 et
422 4150 625 4213 essentialiter
641 4148 809 4211 divisibilis.
856 4146 918 4223 Qui
933 4145 1166 4211 continuitatem
1185 4146 1318 4230 partium
1334 4168 1399 4210 cor-

297 4282 457 4345 porearum
474 4259 649 4324 habuerunt
669 4281 724 4343 pro
744 4257 947 4332 continuitate
970 4256 1108 4321 absoluta
1130 4265 1161 4320 et
1183 4256 1326 4342 perlecta,
1344 4280 1398 4323 seu

297 4371 521 4450 mathematica,
538 4372 680 4435 dixerunt
695 4369 898 4435 substantiam
915 4368 1101 4433 materialem
1117 4391 1182 4433 csse
1196 4369 1398 4433 essentialiter
