3200 4984
302 408 366 473 226
608 422 650 465 nn
667 420 867 465 sunsrrnrrs
883 418 1061 462 conruens.
1244 394 1331 479 [car.
1349 414 1406 458 111.

348 592 422 655 132.
446 588 617 653 Redeamus
632 608 715 650 nunc
731 585 769 649 cd
784 584 970 669 principium
986 581 1024 647 de
1038 580 1210 666 equalitate
1225 581 1353 647 actionis
1372 589 1405 645 et

304 700 464 766 reactionis
479 700 510 763 in
523 698 667 763 conflictu
679 718 851 781 corporum.
895 694 1065 779 Explicatio
1077 701 1181 757 autem
1192 693 1235 756 sic
1246 692 1408 777 procedere

203 878 205 883 .
304 821 414 899 potest.
460 812 500 875 In
530 810 674 876 conflictu
702 830 875 893 corporum,
900 830 927 871 v.
955 828 1002 890 gr.
1027 808 1108 873 inter
1122 808 1153 869 Α
1177 813 1210 870 et
1223 806 1255 867 B
1268 804 1334 888 (fig.
1350 806 1406 886 20)

306 927 383 990 actio
403 933 512 988 mutus
531 922 643 987 dicitur
660 944 706 1000 ea,
721 942 789 1005 quae
809 927 965 984 exercetur
979 940 1077 1002 usque
1090 916 1131 981 ad
1145 917 1312 984 maximum
1327 937 1408 980 com-

307 1035 481 1122 pressionis,
494 1043 526 1099 et
539 1034 649 1099 reacts'o
662 1040 769 1097 mutua
780 1054 826 1110 ea,
838 1054 908 1115 quae
921 1029 1029 1115 incipit
1044 1028 1149 1093 statim
1163 1036 1233 1112 post
1244 1026 1408 1092 maximum

308 1145 551 1231 compressionis,
562 1153 593 1209 et
609 1143 698 1209 durat
715 1166 813 1227 usque
827 1142 866 1207 ad
880 1142 974 1207 finem
989 1140 1158 1207 conflictus.
1204 1140 1286 1205 Sunt
1297 1148 1409 1217 autem,

309 1267 344 1323 ut
358 1266 453 1344 patet,
467 1257 534 1323 duee
546 1256 679 1321 actiones
690 1263 721 1319 et
736 1254 807 1321 dure
822 1253 999 1333 reactiones,
1011 1252 1161 1338 siquidem
1177 1261 1336 1337 ponuntur
1350 1251 1411 1316 duo

306 1392 442 1455 corpora,
458 1390 588 1454 quorum
608 1376 775 1451 utrumque
793 1374 823 1431 et
844 1366 908 1450 agit
929 1375 960 1430 et
986 1366 1093 1450 reagit.
1138 1364 1274 1430 Notetur
1295 1374 1409 1442 autern,

309 1480 392 1566 quod
413 1480 580 1545 maximum
603 1478 838 1563 compressionis
859 1477 893 1543 in
907 1499 943 1543 ec
958 1476 1086 1543 instanti
1107 1477 1209 1543 locum
1227 1476 1363 1554 habebit,
1379 1475 1412 1541 iu

309 1615 370 1679 quo
385 1590 519 1677 repulsio
534 1599 601 1655 orte
614 1590 727 1654 interd
746 1598 777 1653 ct
792 1586 818 1652 b‘
834 1610 1022 1673 compressas
1041 1588 1080 1653 ab
1096 1611 1114 1653 a
1129 1588 1264 1673 acquiret
1284 1587 1412 1653 intensi·

310 1712 406 1769 tatem
429 1702 567 1786 equalem
590 1700 756 1786 repulsioni
780 1709 855 1765 ortae
879 1700 961 1764 inter
986 1724 1005 1765 a
1029 1710 1060 1765 et
1083 1696 1111 1764 c'
1136 1721 1323 1784 compressas
1341 1722 1359 1764 a
1376 1702 1412 1763 br

313 1836 401 1881 secus
416 1815 509 1893 enim,
525 1812 551 1877 si
566 1812 712 1879 alterutra
727 1811 911 1897 praevaleret,
927 1821 1090 1896 augeretur
1104 1812 1204 1877 adbuc
1222 1812 1415 1895 compressio,

313 1936 345 1992 ct
359 1926 402 1992 sic
417 1926 556 1991 nondum
571 1925 735 1991 haberetur
749 1925 916 1991 marimum
929 1924 1170 2009 compressionis,
1183 1924 1266 2010 quod
1280 1924 1414 2008 ponitur.

314 2040 424 2125 Itaque
447 2038 480 2103 in
507 2037 638 2103 maximo
665 2036 901 2121 compressionis
921 2038 939 2099 b
958 2045 990 2100 et
1008 2032 1033 2100 b'
1053 2036 1097 2103 ita
1116 2037 1235 2101 intense
1255 2058 1287 2102 se
1304 2043 1415 2120 urgent

314 2152 393 2220 sicut
417 2174 449 2217 se
474 2158 588 2235 urgent
611 2173 630 2214 a
650 2158 681 2214 et
705 2144 742 2215 α’.
786 2148 890 2232 Igitur
909 2148 1022 2213 reactio
1047 2148 1156 2233 incipit
1179 2148 1325 2232 utrinque
1346 2168 1415 2212 cnm

313 2265 420 2349 oeqaols'
442 2262 620 2329 intensitate
651 2260 844 2346 repulsionis.
890 2259 972 2337 Quia
994 2282 1065 2326 vero
1093 2260 1204 2325 reactio
1233 2260 1298 2326 baec
1327 2260 1416 2324 debet

316 2374 460 2459 utrinque
480 2372 657 2456 extinguere
678 2370 821 2437 effectum
837 2370 1080 2455 compressionis,
1096 2379 1127 2434 et
1140 2370 1284 2438 reducere
1298 2371 1338 2435 ad
1350 2394 1416 2435 zero

316 2486 503 2573 repulsiones
526 2493 649 2551 mutuas
671 2483 896 2568 compressione
918 2483 1073 2563 excitatus,
1094 2493 1124 2550 et
1146 2483 1197 2549 hee
1218 2483 1416 2568 repulsiones,

318 2622 354 2663 ex
377 2598 475 2677 dictis,
491 2606 564 2662 sunt
585 2596 710 2680 equales
721 2622 731 2674 3
753 2596 921 2661 reactiones
943 2618 1064 2681 quoque
1085 2603 1176 2661 erunt
1197 2597 1323 2680 equales
1339 2596 1418 2661 inter

320 2734 362 2789 se,
377 2717 413 2773 ut
427 2708 558 2794 aequales
580 2706 641 2771 illis
656 2706 891 2792 repulsionibus.
937 2707 998 2771 Sed
1013 2707 1143 2793 aequales
1157 2708 1217 2773 illae
1230 2708 1419 2793 repulsiones

320 2830 393 2885 sunt
407 2820 533 2887 effectus
548 2818 703 2885 actionum
717 2818 756 2883 ab
771 2828 902 2903 utroque
917 2840 1041 2903 corpore
1055 2820 1255 2887 exercitamm
1269 2820 1420 2907 usquead

320 2943 471 3018 pimctum
487 2930 629 2997 mmimoe
649 2930 882 3015 compressionis
890 2954 900 3008 ς
923 2953 998 3015 ergo
1015 2932 1108 2998 etiam
1130 2932 1263 2997 actiones
1277 2933 1421 3019 utrinque

232 3048 236 3058 '
321 3046 446 3109 luerunt
460 3043 586 3127 equales
606 3043 686 3107 inter
704 3064 746 3122 se,
761 3050 798 3105 ut
818 3041 950 3127 aequales
973 3042 1034 3107 illis
1057 3042 1301 3128 repulsionibus,
1326 3068 1420 3129 quum

321 3154 514 3219 intensitetes
529 3174 699 3233 causarum,
715 3174 769 3217 seu
784 3153 951 3232 actionum,
966 3162 1183 3219 mensurentur
1196 3177 1215 3218 a
1232 3155 1295 3221 suis
1310 3156 1423 3221 effecti·

325 3266 392 3331 bus.
437 3264 539 3342 Quare
557 3264 681 3329 tandem
699 3265 733 3329 in
755 3264 876 3329 duobus
895 3264 957 3329 illis
976 3265 1152 3350 corporibus
1170 3266 1240 3331 duae
1256 3267 1422 3332 reactiones

323 3377 453 3463 aequales
467 3376 540 3441 hinc
554 3384 585 3441 et
599 3375 671 3440 inde
686 3384 814 3461 aequant
828 3375 905 3441 dues
919 3376 1051 3461 equales
1059 3379 1219 3442 sctiouesa
1230 3378 1343 3463 quibus
1351 3379 1423 3444 hinc

325 3498 357 3554 et
372 3487 444 3553 inde
458 3487 585 3553 fuerunt
599 3486 746 3553 excitatae.
776 3486 861 3569 Ergo
876 3490 907 3551 s'a
922 3490 1058 3571 conflictu
1072 3512 1224 3575 corporum
1237 3493 1315 3555 actio
1329 3500 1424 3575 epact

324 3603 508 3667 resectionem.
554 3598 716 3676 Quomodo
732 3608 834 3663 autem
850 3621 947 3667 unum
964 3601 1170 3685 ecorporibus
1184 3603 1293 3687 perdat
1311 3611 1425 3667 certam

327 3712 529 3799 quantitatem
558 3718 671 3788 motus,
696 3709 771 3775 dum
800 3709 885 3774 aliud
913 3711 1062 3796 equalem
1091 3715 1295 3797 quantitatem
1323 3724 1425 3779 motus

328 3824 467 3911 acquirit,
483 3845 576 3908 supra
601 3822 718 3887 dictum
741 3830 798 3901 est,
814 3831 845 3889 et
868 3832 954 3907 patet
976 3847 1013 3889 ex
1036 3847 1081 3903 co,
1100 3826 1183 3909 quod
1205 3835 1270 3891 tam
1293 3828 1426 3892 actiones

329 3959 423 4022 quam
436 3935 604 4001 reectiones
619 3935 680 3998 sint
695 3934 767 3999 hinc
782 3942 814 3999 et
830 3934 903 4000 iude
923 3936 1098 4001 contrariae:
1121 3960 1213 4021 quare
1229 3938 1356 4005 effectus
1375 3940 1427 4005 de-

330 4050 405 4115 bent
419 4070 485 4115 esse
499 4045 629 4132 equales
643 4046 677 4110 in
691 4054 823 4131 utroque
836 4068 971 4131 corpore,
987 4048 1040 4112 sed
1055 4069 1125 4112 cnm
1140 4050 1292 4114 contrario
1306 4051 1407 4136 signo.

376 4159 468 4237 Quod
490 4159 607 4225 dictum
629 4166 676 4223 est
698 4157 736 4223 de
757 4158 902 4223 conflictu
926 4180 1086 4244 corporum
1108 4160 1252 4245 applicari
1273 4165 1430 4230 commode

333 4279 433 4359 potest
442 4270 583 4336 omnibus
595 4269 724 4348 casibus,
737 4271 769 4333 in
785 4270 897 4355 quibus
912 4270 1032 4355 physici
1040 4272 1101 4336 vim
1116 4272 1234 4338 inertiae
1241 4276 1430 4342 considerare

335 4390 498 4463 coguntur.
545 4382 594 4446 sic
615 4381 689 4445 dum
709 4392 776 4447 rota
795 4384 870 4447 lune
891 4382 1027 4448 involuta
1047 4406 1117 4450 saxo
1139 4408 1157 4450 a
1178 4386 1251 4451 fune
1276 4388 1430 4471 pendente
