3200 4984
224 384 302 435 cnr..
311 366 382 453 nn]
568 388 612 433 nn
628 388 831 435 suasurum
846 388 1027 435 coneonnn.
1260 374 1326 438 223

224 574 297 617 casu
311 577 373 619 non
391 554 464 620 facit
485 555 660 621 violentiam
682 564 845 621 structurae
866 557 1011 642 corporis,
1027 558 1106 622 sicut
1120 558 1154 621 in
1169 558 1324 636 socund03

224 675 256 731 et
271 666 321 733 sio¹
336 668 369 731 in
385 667 437 732 illo
452 690 525 733 casu
547 691 657 753 corpus
677 692 740 733 non
764 668 883 753 indiget
903 692 1021 754 recipcre
1035 669 1075 733 ad
1096 692 1187 734 suum
1210 670 1325 735 statium

224 778 475 844 conservandum.
521 780 632 865 Itaque
653 780 834 865 praedictum
855 779 1040 866 principium
1058 780 1255 867 physicorum
1277 804 1324 846 re·

225 889 403 958 solvendum
418 900 465 957 est
478 892 510 955 in
526 892 588 957 duo
602 892 752 978 principia
767 892 934 978 sequentia.

225 1040 229 1073 :
268 1004 418 1069 Primum.
442 1005 577 1084 Reoctio,
593 1026 773 1089 percorpus
788 1006 880 1069 tendit
902 1006 943 1070 od
961 1026 1050 1069 suom
1062 1012 1241 1071 structuram
1256 1028 1324 1069 coo·

223 1117 404 1196 nouandum,
419 1138 534 1201 suuper
547 1128 645 1201 aequot
659 1119 813 1196 actionem,
828 1140 892 1201 quc
905 1139 990 1181 utam
1003 1125 1182 1181 structuram
1199 1120 1324 1200 impetit.

268 1227 454 1292 Secundum.
476 1229 515 1291 Io
536 1230 647 1293 duobus
668 1231 772 1293 mosem
793 1230 871 1292 iuter
891 1250 923 1291 sc
944 1229 1125 1313 tomopcnm
1143 1231 1325 1312 quantitates

223 1340 371 1403 actionum
381 1348 547 1405 mutuorum
560 1348 630 1410 eunt
643 1362 754 1423 semper
767 1340 901 1424 equuleo.

268 1449 336 1513 Hoc
361 1450 530 1517 seeundum
554 1451 739 1536 principium
768 1474 805 1515 ex
834 1450 1016 1536 supradictis
1045 1460 1140 1536 patet.
1184 1452 1324 1518 Primum

223 1570 327 1626 autem
341 1562 538 1627 ostendemus
553 1585 640 1627 num.
656 1562 865 1649 sequentibus.

269 1676 343 1738 131.
366 1672 523 1750 Quaeritur
546 1675 607 1755 hic,
623 1698 663 1739 ou
687 1677 796 1740 inertia
815 1676 856 1739 eit
880 1676 933 1741 oia.
979 1675 1071 1739 Retio
1089 1674 1251 1741 dubitandi
1266 1684 1322 1756 est,

224 1786 298 1870 quia
319 1785 439 1871 physici
459 1796 492 1852 et
513 1786 668 1873 dynamici
690 1810 770 1873 saepe
790 1786 962 1873 loquuntur
982 1786 1065 1852 deri
1085 1787 1216 1867 inertiae,
1231 1810 1323 1873 quam

224 1897 376 1963 definiunt
390 1921 456 1964 esse
468 1908 614 1965 conatum
629 1899 762 1985 corporis
776 1891 817 1965 ad
831 1899 1073 1965 conservandum
1088 1908 1205 1965 statum
1220 1922 1322 1979 suum,

224 2010 286 2075 sive
308 2011 453 2095 quiescat,
474 2010 536 2077 sive
558 2020 724 2077 moveatur.
769 2010 952 2097 Respondeo
974 2012 1093 2076 nullam
1114 2034 1181 2076 esse
1201 2011 1323 2097 proprie

224 2122 377 2207 loquendo
391 2124 425 2186 in
439 2122 616 2209 corporibus
630 2124 692 2189 vim
707 2122 824 2189 inertia
838 2123 882 2189 sic
897 2124 1064 2189 definitam.
1109 2124 1191 2189 Nam
1213 2123 1325 2188 inertia

223 2257 287 2314 non
302 2244 348 2299 est
362 2235 423 2299 nisi
436 2235 642 2301 indifferentia
661 2235 780 2320 passiva
801 2235 843 2301 ad
859 2234 1068 2320 recipiendum
1087 2242 1216 2299 motum.
1262 2234 1324 2299 Sed
1419 2281 1421 2284 -

222 2346 429 2412 indifferentia
452 2348 572 2432 passiva
596 2370 659 2413 non
685 2356 732 2413 est
757 2347 859 2433 aliqua
883 2348 929 2413 vis
954 2347 1148 2427 mechanica3
1171 2348 1217 2414 vis
1239 2346 1323 2419 enim

224 2460 399 2525 mechanica
427 2460 502 2525 dicit
530 2460 592 2526 vim
621 2460 822 2541 attractivem,
844 2469 906 2526 'aut
935 2460 1129 2546 repulsivam,
1157 2460 1321 2525 habentem

175 2604 179 2612 ·
222 2572 384 2656 positivam
410 2595 465 2637 seu
490 2572 601 2637 realem
624 2573 797 2652 efficaciam,
818 2594 887 2657 quae
910 2572 996 2637 nulla
1020 2581 1078 2651 est,
1093 2572 1146 2637 ubi
1171 2581 1219 2637 est
1245 2595 1323 2657 pura

223 2683 428 2750 indifferentia
441 2684 570 2770 passiva.
616 2684 690 2748 Non
704 2706 777 2768 ergo
791 2691 894 2769 potest
908 2684 989 2748 sumi
1008 2683 1118 2747 inertia
1136 2706 1192 2768 pro
1209 2692 1323 2748 conatu
1439 2728 1443 2736 ·

222 2793 324 2880 aliquo
339 2793 378 2860 ad
393 2794 595 2859 resistendum
609 2794 707 2859 motui
720 2794 768 2859 vel
783 2794 889 2879 quieti.
909 2835 913 2839 -

266 2908 368 2986 Ratio,
386 2916 511 2992 propter
534 2929 627 2991 quam
652 2906 822 2971 mechanici
844 2905 1014 2970 admittunt
1038 2906 1100 2971 vim
1124 2906 1252 2986 inertioe,
1275 2913 1322 2973 est

223 3020 297 3099 haec,
313 3019 405 3105 quod,
421 3018 544 3105 quando
559 3041 668 3103 corpus
682 3018 808 3104 aliquod
823 3019 944 3103 cogitur
958 3026 1076 3083 mutare
1090 3027 1205 3083 statum
1220 3042 1322 3100 suum,

223 3133 269 3197 vis
293 3132 327 3196 in
352 3131 429 3197 illud
448 3154 543 3216 agens
566 3130 683 3221 patitur
705 3129 909 3195 resistentiam
928 3139 1016 3195 tanto
1036 3131 1191 3211 maiorem,
1206 3141 1323 3217 quanto

222 3244 318 3307 maior
333 3244 463 3307 mutatio
476 3250 523 3307 est
538 3241 719 3307 inducenda.
745 3242 820 3307 Haec
835 3250 938 3307 autem
948 3241 1121 3307 resistentia
1130 3265 1193 3307 non
1202 3243 1323 3309 videtur

223 3378 288 3420 esse
310 3355 405 3434 aliud,
419 3354 480 3420 nisi
502 3352 707 3439 repugnantia
725 3353 763 3417 ad
782 3354 965 3418 mutandum
985 3363 1110 3435 statum,
1126 3378 1181 3419 seu
1194 3364 1323 3421 conatus

221 3492 293 3533 eum
309 3467 515 3533 conservandi.
557 3467 616 3546 Sic,
632 3466 707 3531 dum
722 3465 833 3551 globus
847 3451 884 3530 in
895 3466 1022 3551 globum
1036 3466 1194 3551 impingit,
1207 3467 1323 3533 amittit

221 3589 341 3665 partem
361 3602 423 3645 suae
446 3578 623 3658 velocitatis,
645 3601 737 3664 quam
764 3577 852 3642 alteri
874 3578 966 3658 cedit,
980 3577 1027 3644 vel
1051 3578 1144 3647 etiam
1166 3579 1323 3664 repellitur

222 3702 313 3757 retro.
359 3692 450 3772 Item,
474 3691 549 3755 dum
577 3699 651 3755 rotae
679 3689 867 3775 imprimitur
896 3699 998 3755 motus
1027 3690 1197 3770 rotationis,
1221 3690 1323 3757 velei

222 3802 409 3888 imprimitur
417 3810 620 3887 angmentum
628 3799 806 3879 velocitatis,
815 3801 861 3864 vis
870 3823 995 3866 movens
1003 3802 1120 3885 patitur
1128 3800 1321 3882 renationem,

149 3975 154 3985 .
221 3915 313 3981 etiam
328 3914 558 4000 praescindendo
571 3899 753 3997 a'gravitate
768 3920 798 3977 et
814 3912 933 3977 attritu.
976 3914 1018 3977 Et
1032 3912 1194 3978 innumera
1210 3914 1322 3979 horum

222 4027 343 4107 similia,
358 4035 394 4091 ut
409 4027 510 4091 videre
524 4025 618 4091 estin
632 4024 819 4089 mechanico.

266 4140 328 4205 Sed
351 4139 416 4204 haeo
440 4139 543 4203 omnia
568 4160 632 4202 non
656 4136 798 4221 probant,
824 4134 965 4229 inertiam
991 4158 1057 4199 esse
1074 4135 1136 4200 vim
1161 4137 1323 4203 resistendi

221 4251 320 4316 motui
334 4259 388 4315 aut
402 4248 679 4314 modificationibus
695 4256 807 4312 motus.
840 4247 923 4311 Nam
938 4247 1072 4331 sumptis
1086 4247 1207 4312 duobus
1222 4249 1323 4333 globis

222 4365 253 4428 A
263 4373 294 4428 et
304 4366 334 4427 B
347 4364 412 4447 (fig.
429 4364 497 4444 20),
508 4362 535 4426 si
549 4360 659 4445 globus
668 4362 698 4425 A
708 4360 825 4425 feratur
838 4358 872 4424 in
882 4358 1138 4444 Bquiesccntem,
1154 4382 1226 4425 cum
1239 4370 1322 4426 certa
