3200 4984
223 390 296 435 cas.
314 368 383 453 111.]
546 386 593 431 na
608 386 810 431 suessanum
824 385 1009 430 coaroars.
1257 362 1323 427 ale

224 552 397 619 satisfacere
422 550 588 630 moloculae,
614 558 651 614 ut
675 548 738 615 sive
763 550 840 614 dura
862 570 998 634 corpore,
1021 548 1084 613 sive
1107 546 1234 626 tenacia,
1260 545 1323 611 sive

223 664 324 749 rigido
352 662 498 729 constitui
526 685 563 727 ex
587 661 648 727 illis
670 661 801 747 possint.
846 660 918 740 Sed,
942 659 1015 745 quia
1038 659 1089 724 hic
1113 658 1324 744 philosophice

224 775 323 861 magis
345 798 437 861 quum
452 774 577 862 physice
590 774 656 839 hac
675 781 852 852 tractamus,
867 772 942 837 satis
955 772 996 837 sit
1011 770 1050 837 de
1063 770 1113 836 his
1133 771 1225 836 rebus
1239 771 1323 856 prin-

225 888 304 973 cipia
323 886 495 967 tradidisse,
519 895 551 951 et
573 885 661 973 quasi
684 894 805 971 portam
826 883 1001 970 aperuisse3
1023 906 1095 949 nam
1121 882 1161 947 ad
1183 883 1326 969 physicos

226 1000 359 1087 pertinet
373 1000 438 1064 haec
453 998 557 1064 eadem
572 997 714 1084 persequi
728 996 919 1081 diligentius.

271 1113 344 1176 129.
367 1112 484 1189 Massa,
514 1110 652 1189 demtus,
676 1110 803 1193 pondre.
863 1106 999 1192 Corpora
1035 1106 1098 1171 sive
1126 1105 1233 1186 solida,
1262 1107 1325 1171 sive

225 1221 352 1307 liquido,
368 1222 431 1286 sive
444 1220 548 1301 fluida,
562 1220 678 1285 habent
692 1242 834 1299 nussam,
849 1219 1041 1297 densitatem,
1057 1218 1190 1304 pondm.

270 1334 377 1399 Moeso
392 1332 525 1417 corporis
539 1339 587 1397 est
604 1331 772 1397 multitudo
785 1331 1017 1410 elementorum,
1032 1330 1196 1416 exquibus
1217 1351 1327 1415 corpus

227 1443 365 1524 resultat,
389 1446 450 1507 sive
469 1443 536 1507 haec
553 1441 703 1507 elementa
722 1442 786 1507 sint
807 1441 978 1521 attremiva,
996 1441 1059 1507 sive
1081 1440 1143 1505 sint
1164 1441 1326 1526 repulsiva.

228 1554 310 1621 Nam
325 1577 395 1619 cum
413 1576 513 1621 massa
533 1552 653 1619 dicatur
671 1552 704 1617 in
724 1552 831 1617 ordine
848 1552 890 1617 ad
912 1551 1080 1633 materiam,
1096 1572 1158 1616 non
1172 1551 1206 1615 in
1220 1550 1327 1616 ordine

228 1666 265 1731 ad
281 1666 435 1745 virtutem,
445 1665 570 1730 materia
581 1673 683 1731 autem
697 1664 798 1729 omnis
812 1664 987 1749 sitpassiva
1001 1672 1116 1743 motus,
1128 1684 1328 1749 quacumque

228 1777 268 1841 sit
291 1787 401 1841 natura
426 1777 471 1843 vis
493 1799 531 1841 ex
556 1768 599 1843 ea'
614 1776 752 1861 ugentis3
779 1798 880 1841 massa
895 1774 1069 1861 pertinebit
1093 1775 1132 1839 ad
1155 1798 1267 1861 corpus
1294 1775 1327 1838 in

229 1896 379 1972 quantum
393 1887 486 1953 habet
501 1886 708 1973 passivitatem
722 1912 730 1951 :
751 1894 784 1951 et
793 1910 891 1972 quum
900 1910 956 1973 pro
964 1888 1049 1953 omni
1058 1886 1208 1952 elemento
1222 1888 1329 1951 eadem

230 2001 269 2063 sit
284 1999 453 2085 passivitas,
467 1999 567 2065 omnis
581 1998 802 2065 elementorum
817 2000 933 2085 species
946 1998 1053 2064 eodem
1069 1998 1161 2064 modo
1175 2000 1328 2065 concurrit

229 2112 268 2177 ad
283 2111 530 2178 constituendam
544 2134 686 2176 massam.
1113 2117 1118 2126 ’

229 2284 231 2289 .
277 2226 437 2299 Qicoatitcs
452 2247 554 2290 musac
575 2234 622 2289 est
642 2245 742 2289 massa
759 2222 900 2310 quadum
917 2221 957 2286 ad
979 2220 1070 2287 uliam
1095 2229 1251 2306 sumptam
1273 2243 1331 2306 pro

230 2337 349 2403 unitate
363 2336 468 2402 relata.
724 2362 726 2369 ‘

274 2449 417 2513 Deusitas
435 2456 481 2512 est
501 2446 607 2513 relatio
628 2469 735 2511 massae
755 2446 794 2511 ad
811 2444 975 2524 volumen,
1000 2454 1032 2510 et
1056 2453 1145 2510 tanto
1166 2444 1263 2509 maior
1284 2454 1331 2510 est

230 2572 347 2645 quanto
369 2559 464 2624 maior
480 2581 627 2625 numerus
648 2558 869 2624 elementorum
891 2557 1066 2623 continetur
1079 2557 1114 2621 in
1127 2556 1200 2621 dato
1222 2557 1330 2642 spatio.

233 2671 326 2750 Hinc,
357 2670 383 2735 si
408 2671 452 2733 M
474 2669 613 2753 designat
639 2692 770 2735 massam
798 2669 927 2734 alicuius
956 2669 1100 2754 corporis,
1130 2671 1161 2734 V
1177 2668 1330 2748 volumen,

232 2784 266 2845 D
280 2783 472 2861 densitatem,
486 2781 649 2847 habebitur

600 2894 966 3014 &Karsten
993 2950 997 2955 ’

684 2994 714 3056 V

279 3131 400 3195 Pondus
410 3139 456 3193 est
468 3151 588 3193 summa
602 3129 804 3213 pressionum,
816 3129 929 3214 quibus
943 3150 1054 3214 corpus
1064 3128 1214 3214 premitur
1227 3136 1333 3193 contra

234 3241 427 3307 obstaculum
441 3240 611 3327 impediens
625 3241 691 3306 eius
709 3262 824 3307 casum.
870 3242 1044 3307 Pressiones
1059 3251 1162 3307 autem
1176 3242 1236 3306 illae
1260 3264 1333 3306 con-

235 3354 408 3419 siderautur
443 3376 462 3418 a
486 3353 620 3440 physicis
650 3363 809 3439 tamquam
837 3355 1048 3439 provenientes
1080 3378 1118 3420 ex
1153 3355 1334 3420 attractione

235 3465 427 3551 singulorum
452 3465 672 3530 elementorum
701 3476 789 3530 terrea
811 3466 845 3530 in
872 3466 994 3552 singula
1022 3467 1173 3532 elementa
1200 3467 1334 3552 corporis

235 3577 309 3643 dati.
355 3577 446 3642 Unde
468 3577 634 3657 deducumt,
651 3577 786 3662 pondera
800 3600 866 3642 esse
880 3578 1117 3665 proportionalia
1138 3580 1256 3657 messis,
1270 3600 1334 3643 nun

236 3689 334 3752 solum
350 3662 384 3752 in
397 3688 456 3751 hoc
479 3710 570 3752 sensu
585 3686 677 3772 quod,
693 3698 846 3752 crescente
861 3710 960 3753 massa
974 3688 1108 3773 eorporis
1130 3688 1205 3768 dati,
1220 3697 1335 3753 crescat

235 3800 302 3865 eius
330 3798 462 3885 pondus,
493 3799 547 3864 sed
575 3798 667 3863 etiam
695 3800 729 3864 in
754 3799 813 3865 hec
842 3822 935 3865 sensu
957 3800 1050 3886 quod,
1075 3801 1102 3865 si
1124 3824 1224 3866 massa
1247 3809 1335 3866 terrae

236 3921 391 3991 cresceret,
412 3912 494 3976 idem
516 3933 627 3996 corpus
649 3911 755 3976 datum
774 3919 921 3977 cresceret
946 3912 1083 3997 pondere
1105 3913 1137 3976 in
1159 3913 1265 3977 eadem
1288 3936 1337 3977 ra·

236 4025 330 4105 tione,
346 4025 462 4089 caeteris
477 4023 612 4108 paribus.

282 4136 343 4202 Sed
363 4135 617 4200 considerandum
641 4144 688 4199 est
704 4136 841 4215 omnino,
865 4135 950 4221 quod
972 4158 1035 4200 non
1062 4137 1164 4202 omnia
1186 4136 1337 4201 elementa

237 4258 324 4317 terra
342 4258 415 4312 sunt
432 4248 600 4325 attractiva,
616 4246 670 4312 sed
689 4247 778 4332 plura
795 4248 888 4312 etiam
908 4248 1068 4333 repulsiva,
1082 4257 1119 4312 ut
1136 4271 1174 4313 ex
1192 4258 1258 4313 tuto
1279 4249 1338 4313 hoc

238 4368 522 4427 tractatuconstat.
568 4358 771 4445 Quapropter,
794 4359 996 4444 exhibentep
1020 4360 1171 4427 actionem
1196 4371 1284 4425 terrae
1305 4362 1337 4425 in
