3200 4984
276 374 341 437 252
630 395 674 439 nn
690 394 811 439 rursus
826 392 1024 436 courrunrs.
1250 368 1338 452 [car.
1355 388 1380 429 1.

279 564 337 630 sibi
357 564 564 643 intrinsecam,
587 589 642 652 per
664 589 756 652 quam
779 564 975 650 respondebit
996 561 1195 627 immensitati
1217 561 1330 626 diviuae
1344 571 1381 625 ut

276 676 447 743 continenti
461 677 631 741 virtualiter
650 677 788 742 eamdem
804 652 1027 742 ubicationem:
1050 672 1104 737 sed
1127 696 1190 737 non
1210 683 1304 758 ponet
1324 672 1379 736 ali·

276 788 352 873 quid
365 789 436 853 novi
451 789 484 853 in
499 789 713 868 immensitate,
726 811 781 874 per
795 788 879 874 qnod
893 810 960 852 eam
974 786 1137 849 intrinsece
1152 785 1262 849 afficiat
1269 812 1280 864 3
1301 782 1379 847 nihil

276 898 357 964 anim
379 899 450 963 novi
469 922 583 985 ponere
596 908 710 985 posset,
726 899 786 963 nisi
806 897 1023 963 formalitatem
1040 919 1102 960 suae
1116 894 1310 973 ubicationis,
1325 915 1380 956 sen

277 1011 561 1077 determinationem
590 1010 630 1075 ad
659 1010 736 1075 illud
766 1010 867 1075 solum
895 1016 1056 1094 punctum,
1080 1007 1115 1071 ln
1139 1030 1200 1092 quo
1229 1016 1292 1071 est:
1315 1007 1380 1071 haec

276 1132 379 1188 autem
404 1122 619 1187 determinatio
640 1122 792 1187 contraris
815 1130 860 1185 est
884 1118 1101 1198 immensitati3
1123 1126 1154 1182 et
1181 1118 1250 1182 ideo
1273 1118 1380 1202 nequit

277 1235 370 1322 recipi
385 1235 418 1299 in
433 1234 649 1299 immensitate.

324 1349 375 1409 11.
407 1348 507 1409 Dices.
531 1345 670 1408 Vacnum
693 1343 858 1407 intrinsece
877 1342 990 1405 mutari
1010 1340 1100 1406 debet
1123 1364 1179 1428 per
1198 1340 1379 1425 positionem

278 1459 387 1545 puncti
402 1456 576 1522 materialis.
622 1455 704 1521 Nam
719 1456 785 1519 eius
800 1454 951 1539 capacitas
965 1454 1071 1539 recipit
1085 1454 1119 1517 in
1134 1477 1167 1518 se
1176 1454 1219 1534 id,
1230 1455 1318 1519 cuius
1332 1466 1379 1518 est

186 1610 190 1621 .
279 1592 390 1655 capsur
413 1578 444 1634 11
469 1569 511 1633 111
536 1591 572 1633 ex
596 1568 762 1654 capacitate
788 1565 967 1631 continendi
981 1565 1017 1628 fit
1033 1566 1159 1631 11111111
1180 1566 1382 1633 continentia.

279 1683 373 1765 Ergo.

322 1792 503 1877 Respondeo
526 1793 603 1876 Nep.
620 1800 681 1855 ant.
706 1791 755 1855 Ad
770 1791 918 1855 rationem
935 1792 1002 1856 dut.
1025 1800 1087 1856 ant.
1102 1792 1209 1877 recipit
1223 1792 1257 1856 in
1272 1815 1304 1857 se
1318 1802 1382 1857 ter-

280 1904 425 1968 minative
440 1903 482 1983 id,
498 1904 586 1967 cuius
600 1912 647 1965 est
666 1924 760 1987 capax
777 1898 858 1966 conc.
874 1911 936 1966 ant.
959 1903 1066 1987 recipit
1081 1902 1113 1966 in
1129 1926 1162 1967 se
1175 1913 1332 1989 tamqnam
1347 1906 1380 1967 in

280 2014 415 2079 subiecto
430 2037 494 2099 neq.
507 2022 567 2079 cat.
578 2022 607 2077 et
618 2036 732 2097 conseq.
749 2030 750 2033 ’
765 2014 901 2077 Mutatio
912 2013 1001 2078 realis
1011 2014 1175 2079 intrinseca
1184 2014 1275 2080 debet
1289 2016 1381 2100 recipi

280 2129 313 2191 in
328 2148 370 2205 re,
387 2149 455 2211 quae
469 2134 616 2204 mutatur,
637 2135 673 2187 111
689 2125 721 2187 in
737 2124 891 2189 subiecto:
915 2124 969 2188 sed
986 2134 1135 2209 punctum
1150 2126 1306 2189 materiale
1320 2128 1381 2189 evi-

282 2238 389 2302 denter
400 2260 463 2301 non
475 2246 522 2301 est
533 2237 565 2301 in
578 2237 676 2321 spatio
687 2247 845 2321 tamquam
855 2236 887 2300 in
897 2237 1035 2301 subiecto
1038 2263 1049 2315 3
1068 2238 1111 2301 sic
1120 2238 1201 2301 enim
1211 2248 1290 2303 esset
1304 2239 1382 2303 acci-

280 2350 365 2429 dens,
381 2350 464 2435 quod
479 2350 537 2413 dici
552 2349 659 2434 nequit
676 2348 713 2413 de
728 2358 845 2433 puncto
864 2349 1023 2414 materiali.
1069 2350 1227 2435 Recipitur
1241 2372 1314 2435 ergo
1329 2374 1383 2415 seu

280 2462 455 2526 continetur
480 2461 514 2523 in
540 2460 638 2545 spatio
662 2468 819 2544 tamquam
849 2461 999 2524 terminus
1024 2462 1191 2525 extrinsece
1214 2462 1383 2527 terminans

280 2595 347 2637 eam
366 2571 596 2651 virtualitatem,
616 2593 671 2656 per
690 2593 782 2656 quam
804 2570 874 2634 talis
894 2571 983 2635 realis
1002 2572 1135 2636 ubicatio
1154 2582 1201 2637 est
1219 2574 1383 2657 possibilis.

282 2685 356 2749 Haec
379 2684 553 2749 terminatio
576 2683 675 2747 vocari
697 2691 800 2768 potest
826 2686 1013 2764 continentia,
1044 2684 1098 2749 1111
1119 2685 1197 2749 nihil
1220 2685 1303 2749 aliud
1326 2686 1384 2749 im-

280 2804 382 2881 portat
401 2796 461 2859 nisi
481 2795 674 2880 presentiam
696 2795 790 2858 unius
805 2795 839 2858 in
854 2795 958 2875 altero,
974 2796 1067 2860 idest
1082 2797 1258 2862 relationem
1278 2800 1383 2862 termi-

280 2906 348 2970 nati
367 2904 407 2969 ad
429 2906 606 2970 terminum.
653 2905 722 2969 Hoc
744 2914 848 2969 autem
871 2905 1015 2971 declarari
1037 2916 1139 2992 potest
1160 2930 1216 2992 per
1237 2908 1382 2993 exempla.

282 3018 331 3081 Sic
346 3016 557 3101 exemplaritas
574 3016 717 3096 hominis,
733 3039 894 3101 perquam
910 3018 1012 3097 homo,
1028 3019 1129 3102 posito
1143 3019 1275 3103 speculo,
1290 3042 1385 3105 capax

280 3138 326 3193 est
340 3128 474 3192 habendi
493 3128 657 3212 imaginem
674 3128 732 3206 sui,
747 3127 826 3191 nihil
840 3128 1003 3193 intrinsece
1021 3130 1147 3214 recipiet
1161 3152 1215 3214 per
1229 3131 1287 3194 hoc
1301 3131 1386 3215 qnod

279 3242 333 3305 fiat
347 3240 469 3304 realiter
487 3240 589 3323 imago
604 3240 637 3303 in
653 3239 792 3324 speculo:
817 3240 860 3304 sic
874 3241 1005 3304 essentia
1019 3240 1123 3305 circuli
1138 3242 1185 3305 vel
1198 3241 1386 3306 circularitas

280 3374 343 3417 non
358 3352 464 3436 recipit
485 3350 600 3435 aliquid
619 3351 821 3415 intrinsecum
835 3373 891 3436 per
904 3351 963 3415 hoc
978 3351 1062 3436 quod
1076 3353 1185 3416 existat
1201 3353 1311 3439 aliquis
1325 3355 1386 3419 cir-

281 3464 368 3529 culus
389 3463 498 3527 realis:
520 3462 574 3527 sed
594 3462 697 3547 potius
717 3462 957 3527 circulusrealis
976 3464 1084 3548 recipit
1104 3464 1329 3549 quodammodo
1350 3468 1385 3531 in

281 3600 312 3640 se
336 3576 498 3640 essentiam
522 3574 636 3656 circuli,
661 3585 692 3637 et
715 3574 849 3637 hominis
878 3574 980 3659 imago
1009 3575 1117 3660 recipit
1140 3578 1172 3639 in
1197 3600 1229 3640 se
1252 3579 1384 3662 figuram

279 3688 422 3753 hominis.
467 3686 537 3751 Pari
551 3685 649 3770 igitur
667 3685 768 3763 modo,
793 3685 876 3770 quod
900 3697 1027 3765 creatur,
1052 3688 1160 3773 accipit
1175 3688 1207 3751 in
1222 3689 1289 3774 ipsa
1303 3712 1388 3754 crea-

279 3800 363 3865 tione
383 3800 475 3865 simul
494 3824 563 3864 cum
580 3800 742 3863 existentia
764 3821 854 3861 suum
869 3798 1018 3862 existendi
1032 3800 1158 3863 modurn
1174 3801 1206 3863 in
1228 3802 1336 3886 spatio,
1352 3804 1385 3866 id

280 3922 327 3977 est
351 3914 553 3977 ubicationem
579 3936 664 3977 suam
689 3911 896 3990 intrinsecam,
921 3933 989 3996 quae
1011 3934 1074 3975 non
1097 3921 1143 3977 est
1166 3913 1225 3977 nisi
1254 3914 1385 3979 imitatio

280 4025 368 4090 finita
382 4034 412 4089 et
432 4024 521 4089 realis
542 4024 625 4087 illius
647 4022 793 4087 realitatis
815 4022 953 4101 infinitae,
977 4046 1045 4108 quae
1059 4033 1106 4088 est
1120 4024 1152 4086 in
1167 4025 1385 4091 immensitate.

283 4138 350 4202 Hoc
366 4146 467 4201 autern
483 4134 637 4200 evidenter
654 4157 717 4197 non
733 4144 779 4197 est
793 4156 907 4218 ponere
921 4134 1037 4220 aliquid
1051 4136 1084 4198 in
1098 4135 1313 4216 immensitate,
1330 4138 1384 4202 sed

280 4248 395 4333 aliquid
410 4247 530 4312 realiter
545 4246 676 4331 recipere
691 4245 729 4309 de
744 4245 929 4309 virtualitate
944 4246 1169 4327 immensitatis,
1186 4248 1267 4313 sicut
1281 4251 1384 4333 imago

278 4360 412 4423 hominis
427 4358 534 4442 recipit
549 4357 665 4445 aliquid
679 4357 717 4421 ab
733 4357 868 4437 homine,
883 4368 914 4423 et
929 4358 1060 4423 circulus
1075 4383 1093 4423 a
1108 4361 1320 4425 circularitatc.
