3200 4984
291 364 312 425 2
722 383 764 426 nu
781 382 966 426 aarucrrrrs

292 544 535 611 constitutivum
550 547 778 630 metaphysicum
792 553 840 611 est
854 546 1007 632 quidquid
1023 548 1155 631 pertinet
1175 545 1214 610 ad
1232 545 1394 611 essentiam

291 666 322 721 et
342 657 545 743 quidditatem
564 657 624 722 rei:
647 666 678 722 et
699 666 800 742 potest
818 681 884 722 esse
899 658 948 723 vel
965 658 1171 722 determinans
1185 657 1233 722 vel
1251 657 1393 722 determi-

290 769 401 833 nabile.
449 769 499 833 Sic
518 768 552 832 in
572 767 763 833 humanitate
781 769 955 834 animalitas
972 778 1019 833 est
1036 791 1135 833 unum
1152 792 1170 833 e
1187 766 1393 834 constitutivis

291 880 516 960 essentialibus,
537 880 728 944 rationalitas
748 888 795 944 est
813 880 915 945 alind:
938 881 996 946 hoc
1013 880 1106 946 habet
1123 881 1274 945 rationem
1293 871 1393 944 deter-

290 992 449 1071 minantia,
475 1014 544 1076 quae
568 991 697 1076 analoga
725 1002 773 1055 est
802 1013 873 1056 cum
902 993 1020 1056 ratione
1054 1014 1161 1071 causae,
1191 992 1269 1057 illud
1301 990 1394 1057 habet

291 1105 439 1168 rationem
461 1102 709 1183 determinabilis,
728 1125 799 1188 quae
819 1113 867 1170 est
888 1102 1017 1190 analoga
1034 1126 1105 1168 cum
1122 1104 1241 1172 ratione
1258 1104 1390 1168 termini.

292 1213 534 1279 constitutivum
554 1211 716 1300 physicum
739 1222 786 1278 est
808 1211 891 1299 quod
912 1215 1073 1279 constituit
1094 1224 1236 1280 naturam
1260 1215 1392 1300 aliquam

291 1349 346 1413 per
365 1326 491 1391 modum
507 1323 587 1390 entis
602 1325 739 1412 physici:
762 1333 793 1390 et
811 1334 858 1390 est
876 1326 998 1410 duplex,
1013 1325 1097 1390 aliud
1115 1327 1265 1411 inspecie
1285 1349 1392 1405 causae,

290 1438 374 1502 aliud
395 1439 429 1502 in
452 1437 551 1522 specie
565 1436 697 1502 termini.
745 1436 784 1500 ln
806 1436 906 1521 specie
928 1457 1031 1517 conec,
1046 1450 1081 1502 ut
1103 1414 1207 1502 anima
1227 1447 1258 1502 ct
1281 1460 1392 1523 corpus

289 1561 430 1636 respectu
455 1547 599 1628 hominis,
622 1557 653 1612 et
679 1570 813 1611 marmor
838 1570 873 1612 ac
898 1548 998 1632 figura
1019 1558 1160 1632 respectu
1186 1556 1305 1613 statuae.
1351 1549 1390 1612 In

290 1662 389 1747 specie
408 1663 533 1739 termini,
550 1669 586 1723 ut
603 1661 705 1723 unitas
725 1668 867 1745 respectu
884 1659 1103 1738 multitudinis,
1119 1683 1209 1745 quam
1228 1659 1391 1744 principiat

289 1782 447 1859 tamquam
472 1771 591 1857 primus
616 1771 683 1836 cius
709 1772 861 1835 terminus
885 1770 1089 1836 intrinsecus:
1112 1780 1143 1835 et
1169 1771 1309 1835 similiter
1330 1771 1390 1835 ele-

288 1893 428 1949 mentum
444 1893 584 1968 respectu
598 1883 741 1968 corporis,
757 1883 845 1946 cuius
859 1891 906 1946 est
920 1882 1071 1956 terminus
1085 1905 1139 1968 per
1153 1883 1280 1948 modum
1295 1884 1391 1968 partis

289 1994 431 2081 physioae.

333 2108 363 2170 4.
387 2105 518 2190 Insuper
533 2104 717 2190 principium
739 2105 974 2170 constitutivum
993 2115 1095 2190 potest
1117 2129 1183 2172 ease
1202 2109 1329 2176 activum
1343 2106 1390 2172 vel

282 2219 446 2302 porcinum,
461 2226 492 2282 et
506 2217 631 2303 quidem
645 2217 693 2282 vel
708 2216 741 2280 in
757 2239 849 2282 sensu
863 2218 986 2302 proprio
1001 2227 1032 2282 et
1046 2217 1181 2304 physico,
1197 2218 1286 2284 velin
1297 2239 1390 2283 sensu

288 2329 416 2414 analogo
436 2338 467 2394 et
481 2327 699 2414 metaphysico.
745 2327 936 2412 Principium
954 2329 1087 2394 activum
1096 2331 1220 2412 physice
1234 2337 1280 2393 est
1295 2329 1338 2408 id,
1353 2353 1390 2394 ex

288 2464 349 2527 quo
358 2450 462 2506 manat
477 2441 556 2506 actio
568 2439 703 2504 effectiva
718 2440 862 2526 physica:
887 2449 917 2504 et
929 2440 972 2505 sic
982 2441 1084 2506 omnis
1095 2462 1187 2506 causa
1197 2441 1330 2506 efficiens
1341 2451 1388 2506 est

286 2554 473 2639 principium
487 2552 619 2617 activiim
629 2551 764 2637 physice.
795 2550 984 2636 Principium
988 2553 1112 2635 physice
1121 2551 1274 2636 passivum
1284 2563 1332 2616 cst
1346 2553 1389 2631 id,

288 2664 321 2728 in
333 2687 394 2749 quo
405 2663 550 2747 recipitur
559 2662 690 2728 mutatio
699 2685 754 2746 per
765 2662 916 2728 actionem
931 2663 1075 2749 principii
1083 2663 1191 2728 activi:
1205 2672 1237 2730 et
1247 2665 1390 2731 sicomne

286 2775 470 2860 principium
497 2774 623 2860 physice
648 2773 803 2858 passivum
828 2783 875 2840 est
902 2774 1027 2859 quidam
1053 2775 1213 2854 terminus,
1236 2775 1389 2860 adquam

283 2887 469 2952 terminatur
480 2886 560 2950 actio
574 2908 682 2952 causa.
722 2885 787 2949 Sub
798 2884 1040 2950 consideratione
1054 2894 1157 2951 autem
1172 2888 1389 2974 metaphysica,

287 3009 317 3062 et
340 2999 373 3061 in
396 3020 488 3062 sensu
510 2996 609 3081 magis
631 2995 775 3080 generali,
794 2995 979 3081 principium
1002 2997 1135 3062 activum
1157 2998 1269 3062 dicitur
1290 2999 1389 3064 deter-

286 3111 418 3189 minans,
445 3119 476 3173 et
501 3107 686 3194 principium
710 3106 864 3192 passivum
891 3107 1004 3174 dicitur
1026 3107 1265 3190 determinabile,
1287 3119 1319 3177 et
1345 3110 1388 3174 sic

286 3221 401 3288 cadunt
424 3221 481 3286 suh
503 3219 628 3284 notione
655 3218 886 3284 determinantia
908 3228 939 3283 et
962 3219 1203 3286 determinabilis
1227 3222 1319 3286 etiam
1342 3245 1387 3301 ea,

286 3355 355 3418 quae
376 3353 439 3396 non
461 3329 577 3396 habent
597 3352 699 3394 veram
722 3328 872 3393 rationem
898 3331 1018 3414 agentis
1049 3339 1081 3399 et
1108 3331 1264 3416 patientis,
1287 3334 1388 3400 idest

285 3443 454 3531 physicam.
512 3443 561 3508 Sic
591 3441 764 3525 rotunditas
794 3441 978 3507 determinat
1007 3442 1165 3523 circulum,
1195 3453 1227 3508 ct
1256 3445 1387 3513 cuculus

286 3557 508 3634 determinatur
523 3577 541 3618 a
555 3553 754 3622 rotunditate.
808 3591 810 3596 -

289 3733 294 3738 ,
331 3673 362 3732 5.
386 3667 446 3732 His
465 3664 652 3752 prenotatis,
668 3671 703 3727 ut
723 3662 762 3727 ad
781 3684 846 3740 rem
861 3662 959 3746 ipsam
974 3662 1141 3745 veniamus,
1157 3667 1316 3731 sciendum
1331 3677 1388 3747 est,

287 3779 495 3845 substantiam
505 3799 630 3856 omnem
644 3773 977 3859 materialemz(de2qua
998 3776 1149 3861 precipue
1170 3777 1221 3845 hic
1240 3779 1388 3864 agimud,

287 3890 545 3979 quemadmodum
557 3886 667 3964 docent
682 3884 801 3972 physici
816 3892 848 3950 et
855 3878 1039 3962 inductione
1053 3887 1243 3971 amplissima
1257 3900 1387 3970 constat,

287 4005 400 4072 habere
427 3999 663 4068 indifferentiam
693 3995 909 4082 passivam-ad
924 4006 1052 4063 'motum
1081 3998 1208 4064 localem
1237 4001 1276 4065 ab
1305 4012 1390 4067 extra

286 4111 506 4202 recipiendum,
518 4117 550 4173 et
565 4107 656 4173 simul
670 4107 825 4192 possidere
836 4107 898 4173 vim
912 4107 1110 4192 imprimendi
1124 4119 1244 4176 motum
1259 4113 1387 4180 localem

286 4249 349 4292 non
366 4224 488 4311 quidem
511 4219 570 4286 sibi
591 4219 661 4304 ipsi,
678 4218 733 4282 sed
753 4217 985 4285 omnibusaliis
1008 4230 1093 4286 extra
1114 4245 1147 4286 se
1168 4223 1287 4308 positis,
1302 4225 1390 4294 iuxta

285 4338 385 4419 legem
400 4331 563 4422 quamdam
587 4332 687 4409 fixam,
711 4328 832 4414 dequa
853 4329 956 4414 agitur
978 4332 1060 4416 apud
1082 4334 1273 4401 mechanicos
1295 4337 1388 4402 ratio·
