3200 4984
290 357 354 419 156
605 380 647 422 nn
665 379 865 423 susaranrm
880 379 1063 425 coercens.
1252 362 1339 458 [cnr.
1354 383 1395 427 11.

290 552 324 608 ut
348 554 508 629 pmpterea
531 555 645 631 negent
673 546 849 632 philosophi
875 546 1058 612 continuum
1083 548 1226 633 componi
1255 570 1293 613 ex
1321 548 1395 613 solis

288 657 431 741 punctis:
455 658 525 722 licet
541 658 650 723 deinde
665 670 819 743 nequeant
831 658 890 723 alio
901 658 994 724 modo
1004 659 1186 724 continuum
1198 662 1394 725 constituere.

288 766 374 851 Ergo
401 778 516 852 puncta
545 770 721 834 immediata
752 794 783 835 se
813 781 923 835 mutuo
951 772 1143 835 identificant
1155 797 1165 851 3
1197 781 1229 836 et
1258 773 1302 837 sic
1330 796 1394 837 non

289 877 420 943 habetur
433 880 514 944 inter
529 902 626 944 unum
641 889 672 945 ct
688 881 772 945 aliud
789 880 871 945 linea
890 882 929 946 ad
953 881 1150 946 directionem
1171 891 1274 947 motus
1294 883 1395 948 deter-

289 990 476 1069 minandam,
493 994 558 1056 sine
573 1014 634 1078 qua
648 1014 712 1057 non
727 993 915 1078 imprimitur
930 1003 1032 1057 motus
1047 993 1162 1058 localis.
1188 993 1272 1078 Ergo
1286 996 1395 1080 nequit

288 1103 441 1187 impulsus
463 1104 642 1170 admotum
665 1103 792 1169 localem
815 1104 1033 1170 communicari
1053 1128 1107 1189 per
1133 1107 1291 1170 materiam
1321 1129 1396 1171 con·

289 1214 417 1279 tinuam.
464 1214 591 1295 Quinte,
621 1216 694 1281 dato
716 1239 779 1280 non
802 1238 956 1297 concesso,
981 1218 1064 1303 quod
1085 1229 1236 1303 punctum
1261 1220 1395 1284 moventi

288 1328 460 1412 proximum
485 1337 564 1393 esset
590 1328 628 1392 ab
652 1350 688 1393 ec
714 1329 906 1407 distinctum,
922 1330 948 1394 si
972 1340 1076 1395 tamen
1100 1340 1274 1397 moveretur
1296 1355 1315 1397 a
1338 1354 1397 1397 suc

289 1437 464 1503 immediate
477 1440 625 1525 proxime,
640 1440 833 1525 frangeretur
857 1442 1050 1521 continuum,
1067 1449 1098 1506 et
1114 1443 1239 1508 daretur
1252 1466 1395 1523 vacuum,

288 1550 372 1634 quod
387 1551 547 1615 adversarii
562 1575 624 1616 non
640 1552 819 1617 admittunt.
866 1554 948 1617 Nam
964 1555 1091 1620 omnino
1106 1555 1158 1619 fiet
1170 1578 1299 1619 vacuum
1313 1556 1395 1620 inter

289 1661 350 1726 duo
374 1672 490 1747 puncta
515 1664 574 1729 sibi
598 1663 774 1729 immediate
800 1666 937 1749 proxima
956 1666 989 1729 in
1011 1667 1168 1745 continuo,
1184 1668 1211 1730 si
1232 1689 1329 1731 unum
1354 1670 1394 1731 sit

289 1794 393 1855 agens,
423 1772 507 1838 aliud
536 1775 674 1859 patiens;
707 1776 768 1841 nisi
796 1777 876 1841 forte
906 1776 980 1841 velis
1010 1777 1094 1863 quod
1123 1800 1218 1863 agens
1248 1789 1395 1865 sequatur

290 1894 407 1948 motum
428 1885 582 1969 patientis,
598 1896 629 1951 et
649 1896 769 1952 moveat
796 1888 930 1972 seipsum
957 1891 990 1953 in
1012 1890 1151 1953 eamdem
1177 1891 1393 1957 directionem:

288 1996 346 2059 hcc
361 2004 464 2059 autem
479 2018 545 2061 esse
559 1999 677 2083 nequit,
692 1999 764 2083 quia
779 2002 906 2065 materia
921 2022 982 2064 non
999 2010 1099 2065 movet
1115 2003 1255 2087 seipsam.
1302 2003 1393 2080 Quod

289 2108 314 2171 si
330 2108 412 2172 dicas
426 2117 578 2193 punctum
596 2132 691 2193 agene
709 2133 774 2175 esse
797 2111 888 2175 etiam
910 2113 1029 2197 patiens
1050 2111 1089 2177 ab
1110 2112 1169 2177 alic
1188 2124 1340 2193 movente,
1356 2115 1394 2179 de

289 2220 346 2283 hoc
360 2220 427 2305 ipso
442 2220 501 2285 alio
517 2230 657 2286 movente
672 2222 783 2285 redibit
799 2223 936 2308 quaestio,
951 2233 1058 2287 utrum
1072 2232 1103 2287 et
1118 2225 1219 2309 ipsum
1235 2234 1396 2289 moveatur

288 2330 319 2393 in
336 2331 473 2395 eamdem
489 2332 685 2397 directionem
702 2354 773 2396 curn
789 2356 846 2397 suc
860 2344 955 2412 moto,
968 2357 1008 2398 ne
1023 2335 1184 2419 frangatur
1199 2336 1392 2416 continuum,

287 2465 327 2505 an
353 2465 426 2507 non.
474 2444 508 2506 Si
533 2466 596 2507 non
621 2453 769 2521 movetur,
788 2454 873 2509 moto
900 2446 1004 2525 altero,
1020 2447 1200 2509 continuum
1228 2448 1392 2532 frangitur,

287 2555 370 2638 quod
384 2555 572 2639 peripatetici
588 2564 746 2640 nequeunt
760 2556 941 2620 admittere:
964 2557 991 2620 si
1010 2569 1159 2637 movetur,
1175 2580 1248 2643 ergo
1271 2559 1309 2623 ab
1332 2560 1393 2624 alic

287 2674 437 2745 movente,
451 2666 488 2729 dc
499 2689 560 2751 qno
571 2667 683 2730 iterum
699 2688 821 2731 necesse
836 2668 894 2731 erit
909 2667 1009 2732 dicere
1024 2669 1106 2753 quod
1121 2678 1152 2732 et
1167 2670 1269 2754 ipsum
1284 2671 1393 2735 eodem

286 2777 377 2841 modo
400 2777 437 2842 ab
461 2778 519 2842 alio
541 2788 708 2857 moveatur,
724 2787 755 2843 ct
778 2779 835 2842 hoc
858 2779 897 2843 ab
919 2778 988 2857 aiio,
1004 2789 1035 2843 et
1058 2780 1101 2843 sic
1124 2803 1253 2864 semper,
1269 2790 1300 2844 et
1320 2804 1395 2865 prc-

286 2888 411 2953 ccdetur
432 2889 466 2951 in
488 2889 645 2952 infinitum
667 2911 772 2953 versus
795 2912 917 2953 cansam
939 2900 1054 2969 motus,
1070 2912 1138 2975 quae
1160 2914 1320 2977 nunqnam
1341 2894 1393 2957 in-

287 3000 434 3063 venietur.
458 3000 524 3064 Nec
539 3000 701 3064 adversarii
715 3011 846 3086 possunt
862 3002 971 3080 dicere,
986 3026 1085 3066 unum
1100 3026 1117 3067 e
1132 3004 1253 3068 duobus
1267 3006 1394 3089 punctis

286 3112 352 3175 fieri
373 3111 489 3175 distans
511 3112 549 3175 ab
565 3112 624 3192 aiio
639 3122 838 3197 permotum,
856 3113 986 3178 sednon
1002 3115 1070 3179 ideo
1084 3115 1150 3178 fieri
1164 3138 1304 3197 vacuum,
1320 3118 1394 3201 quia

287 3224 345 3286 alia
366 3223 493 3287 materia
514 3223 636 3287 advenit
659 3225 830 3309 impediens
852 3247 994 3290 vacuum.
1039 3228 1153 3311 Agitur
1175 3229 1258 3292 enim
1279 3229 1331 3294 hic
1353 3228 1393 3295 de

287 3337 353 3419 ipsa
375 3334 575 3419 possibilitate
597 3344 701 3400 motus
724 3337 940 3401 communicati
962 3359 1017 3423 per
1040 3339 1195 3403 materiam
1205 3365 1215 3417 3
1242 3349 1273 3404 et
1295 3340 1394 3405 donec

287 3469 350 3510 non
370 3455 419 3510 est
437 3446 619 3530 explicatum
637 3470 677 3511 an
700 3456 802 3511 motus
823 3448 890 3511 fieri
905 3449 1005 3532 possit
1022 3449 1056 3511 in
1076 3449 1223 3513 continuo
1246 3450 1392 3530 materiae,

287 3581 351 3622 non
373 3566 474 3643 potest
491 3558 613 3622 admitti
631 3566 734 3621 motus
752 3558 803 3621 ille
824 3559 1065 3644 secundusque
1085 3560 1144 3623 alie
1167 3562 1294 3625 materia
1317 3585 1392 3647 sup·

287 3671 412 3755 ponitur
425 3670 548 3749 moveri,
561 3678 596 3732 ut
611 3668 759 3753 impediat
773 3691 916 3734 vacuum.
940 3670 1221 3747 Quare-adversarii
1236 3685 1392 3758 coguntur

287 3783 345 3847 hcc
366 3790 548 3865 argumento
570 3780 618 3844 vel
640 3780 802 3844 admittere
822 3802 962 3860 vacuum,
978 3782 1025 3846 vel
1047 3805 1159 3866 negare
1180 3794 1311 3851 motum,
1357 3786 1391 3850 Si

286 3918 356 3959 vero
373 3894 522 3977 incipiant
545 3891 707 3956 admittere
721 3913 862 3970 vacuum,
878 3902 1027 3977 cogentur
1047 3893 1147 3957 adhuc
1162 3894 1321 3959 fateri·tot
1342 3897 1394 3959 in-

287 4006 417 4071 terstitia
442 4004 536 4069 vacua
565 4003 708 4088 ponende
731 4026 806 4083 esse,
831 4013 907 4089 quot
933 4015 1006 4068 sunt
1032 4006 1189 4089 particulae
1214 4008 1393 4072 materiaea

287 4142 319 4183 se
339 4118 468 4181 invicem
490 4115 665 4181 recedentes
684 4138 740 4199 per
761 4126 900 4194 motum3
924 4116 1008 4200 quod
1023 4124 1069 4179 est
1083 4138 1196 4201 ponere
1211 4140 1341 4183 vacuum
1355 4118 1390 4184 in

286 4231 427 4295 universa
441 4250 543 4292 rernm
557 4235 688 4305 natura3
711 4235 741 4290 et
757 4228 799 4291 sic
815 4228 996 4292 fatebuntur
1009 4228 1087 4292 vires
1103 4229 1240 4293 materiae
1257 4230 1389 4294 exerceri

284 4364 373 4427 posse
403 4341 495 4403 etiam
514 4347 609 4403 'extra
638 4340 795 4403 materiam
826 4340 1013 4403 continuam.
1071 4340 1174 4419 Sexto,
1204 4342 1390 4427 quicumque
