3200 4984
296 376 339 439 62
727 396 770 441 nn
787 396 973 441 rnrncrrrrs
1245 376 1333 461 [car.
1351 397 1406 439 111.

293 560 378 627 aliud
392 571 439 628 est
454 563 526 629 dare
540 565 674 649 primum
690 587 756 629 esse
770 564 900 642 homini,
912 561 997 628 aliud
1012 561 1084 628 dare
1098 562 1233 649 primum
1249 584 1315 629 esse
1330 564 1403 629 sub-

294 676 417 739 stantiae
431 697 583 761 corporeae
597 697 668 761 quae
682 685 728 741 est
743 676 776 740 in
791 676 934 754 homine;
958 683 994 740 ut
1009 674 1071 741 iam
1086 674 1270 759 explicatum
1285 682 1341 739 est.
1387 720 1391 727 -

337 789 389 851 ts.
415 788 446 851 S.
463 788 597 851 Thomas
611 787 735 853 deducit
750 787 830 851 banc
845 786 1117 871 consequentiam:
1145 787 1227 851 Unde
1249 786 1399 851 dicandum

293 907 347 978 est,
362 899 443 982 quod
464 899 546 963 nulla
570 900 632 963 alia
648 899 752 983 forma
774 900 980 964 substantialis
1005 901 1102 963 estin
1121 899 1246 977 bomine,
1262 900 1321 963 nisi
1335 899 1399 963 sola

292 1010 392 1074 anima
415 1010 593 1075 intellectiva
605 1038 616 1084 ‚·
639 1019 668 1074 et
691 1010 771 1094 qaod
794 1012 871 1095 maa,
885 1012 962 1075 sient
981 1012 1092 1075 virtute
1118 1012 1246 1076 continet
1272 1012 1399 1075 animam

292 1123 460 1185 sensitivam
474 1130 504 1186 et
518 1123 700 1202 nutritivam,
716 1123 760 1186 ita
774 1125 883 1187 virtute
896 1124 1024 1187 continet
1039 1143 1137 1187 ornnes
1158 1121 1312 1205 inferiores
1325 1122 1397 1205 sor·

292 1254 366 1311 mas,
381 1240 410 1295 et
427 1233 509 1313 jacit
532 1235 597 1316 ι’ρεα
619 1233 684 1297 sola
707 1233 852 1318 palmiti
869 1233 1045 1317 imperfecta
1052 1234 1161 1314 soram
1180 1234 1213 1295 in
1234 1233 1303 1297 aliis
1316 1232 1398 1316 saci·

292 1351 346 1405 ant
364 1342 450 1425 (ibid.
466 1364 493 1409 a.
513 1345 570 1426 4.).
617 1344 694 1409 Haec
714 1344 869 1409 conclusio
892 1344 1032 1429 sequitur
1051 1366 1087 1409 ex
1109 1343 1276 1429 praemissis
1296 1344 1398 1429 quoad

292 1452 422 1537 primam
442 1462 571 1539 partem,
587 1454 669 1539 quod
691 1455 807 1519 scilicet
827 1454 891 1519 sola
910 1456 1014 1520 anima
1034 1456 1074 1519 sit
1094 1454 1192 1519 forme
1209 1455 1310 1541 primo
1324 1477 1398 1519 oon·

291 1564 423 1629 stituens
442 1587 554 1650 corpus
567 1566 690 1630 vivum:
714 1566 797 1650 quod
814 1566 846 1632 S.
862 1566 995 1631 Thomas
1011 1566 1126 1631 vocavit
1135 1567 1243 1650 forme
1261 1568 1397 1631 susbstan-

292 1676 376 1739 tialis
394 1677 530 1755 nomine,
544 1699 582 1742 eo
601 1677 685 1761 quod
700 1680 799 1742 vivere
817 1699 880 1740 non
896 1678 937 1741 sit
951 1677 1070 1741 homini
1084 1675 1279 1741 accidentale.
1326 1677 1397 1757 Sed,

291 1786 436 1870 quiahoc
450 1810 563 1852 nomen
578 1789 686 1853 lormae
701 1788 912 1853 substantialis
928 1790 960 1852 in
975 1789 1034 1853 hoc
1052 1811 1144 1853 sensu
1159 1797 1316 1873 acceptum
1332 1811 1395 1851 non

292 1897 455 1981 significat,
471 1900 532 1962 nisi
546 1908 649 1964 actum
664 1902 846 1964 essentialem
861 1900 1006 1979 bominis,
1022 1909 1057 1964 ut
1073 1899 1225 1979 vidimus3
1248 1899 1318 1963 ideo
1333 1923 1396 1965 non

292 2009 441 2094 seqnitur,
456 2009 540 2094 quod
561 2011 767 2094 enimafaciat
788 2016 853 2095 nisa
872 2013 936 2076 sale
954 2013 1098 2095 quidquid
1110 2011 1397 2096 imperfectoesornroe

291 2122 324 2183 in
342 2122 413 2185 aliis
423 2121 554 2206 sacient.
599 2122 692 2202 Nam,
707 2132 743 2187 ut
763 2124 822 2187 hoc
838 2123 924 2208 sequi
942 2123 1049 2207 possit,
1064 2145 1188 2188 neeesse
1202 2132 1260 2202 est,
1275 2132 1310 2187 ut
1325 2146 1396 2209 pro·

292 2230 430 2297 bationes
451 2234 658 2318 praecedentes
675 2233 851 2314 ostendant,
866 2233 1000 2299 animam
1023 2257 1088 2299 esse
1106 2235 1236 2299 formam
1252 2234 1394 2299 substan·

290 2343 394 2408 tialem
410 2344 494 2409 iuxta
509 2345 647 2410 strictam
661 2346 728 2409 eius
743 2345 964 2425 definitionem,
981 2346 1150 2419 secundum
1170 2369 1264 2431 quam
1283 2346 1395 2410 dieitur

290 2454 408 2539 primas
428 2466 514 2521 actus
533 2458 690 2523 materiae:
713 2456 773 2522 hoc
791 2466 896 2522 autem
919 2481 955 2522 ex
978 2458 1069 2523 dictis
1084 2457 1318 2543 probationibus
1332 2480 1395 2523 non

290 2567 473 2647 ostenditur,
489 2568 543 2632 sed
563 2577 687 2633 tantum
710 2569 792 2654 quod
816 2570 857 2633 sit
878 2570 997 2655 primus
1019 2579 1106 2634 actus
1128 2570 1266 2634 viventis.
1310 2569 1395 2652 Ergo

290 2700 354 2741 non
380 2679 484 2745 stricte
509 2680 685 2765 accipienda
708 2690 754 2745 est
777 2681 828 2747 hie
853 2682 952 2746 forma
975 2680 1186 2745 substantialis
1197 2706 1206 2759 ;
1233 2691 1264 2744 et
1289 2702 1395 2745 conso·

290 2798 420 2872 quanter
441 2812 504 2854 non
526 2791 586 2854 fuit
608 2791 782 2875 probatum,
797 2792 881 2878 quod
896 2792 1000 2857 anima
1013 2794 1123 2856 virtute
1137 2794 1285 2856 contineat
1299 2815 1397 2856 omnes

290 2899 443 2983 inferiores
456 2901 584 2985 forinas·
643 2902 815 2967 Fatendum
844 2913 948 2969 tamen
978 2912 1035 2981 est,
1067 2904 1099 2967 S.
1123 2903 1271 2967 Thomam
1303 2903 1394 2967 ratio·

290 3010 427 3075 cinatum
441 3034 507 3076 esse
522 3022 744 3098 consequenter
757 3013 797 3078 ad
813 3037 899 3079 suam
915 3016 1085 3101 physicam,
1101 3024 1132 3078 et
1148 3014 1242 3099 quod,
1253 3014 1278 3077 si
1294 3015 1397 3078 omnia

289 3122 438 3207 principia
452 3124 589 3211 physicae
602 3126 810 3211 peripateticae
824 3135 926 3191 essent
940 3125 1144 3204 admittenda,
1159 3126 1285 3189 omnino
1301 3125 1396 3189 dedu-

279 3232 396 3331 ‘cendae
410 3243 512 3299 essent
526 3256 634 3300 omnes
647 3238 875 3321 consequentiae
890 3260 908 3301 a
924 3237 956 3301 S.
973 3237 1092 3302 Thoma
1113 3236 1216 3301 illatae.
1263 3236 1295 3300 Si
1313 3236 1395 3300 enim

289 3344 376 3408 nulla
386 3345 563 3435 substantia
576 3347 723 3412 naturalis
738 3350 976 3413 constitueretur
991 3349 1025 3412 in
1041 3371 1097 3412 suo
1112 3370 1178 3412 esse
1193 3347 1325 3411 naturali
1340 3370 1394 3432 per

289 3455 419 3520 sormam
444 3457 673 3543 superadditam
696 3458 804 3523 formis
831 3459 976 3523 dantibus
1002 3459 1137 3543 primunr
1163 3481 1229 3522 asse
1256 3458 1395 3542 partibus

288 3568 554 3651 componentibus,
570 3579 742 3634 remaneret
764 3570 1021 3649 demonstratum,
1043 3591 1167 3633 omnem
1192 3569 1394 3633 substantiam

288 3680 458 3744 naturalem
479 3680 625 3748 constitui
646 3682 679 3745 in
695 3703 751 3745 suo
766 3704 832 3745 esse
846 3680 979 3745 naturali
995 3704 1049 3766 psr
1065 3680 1159 3745 solam
1173 3681 1303 3745 formam
1320 3682 1393 3746 sub-

289 3790 461 3855 stantialem
482 3792 607 3857 *dantem
629 3792 765 3878 primum
787 3814 853 3855 esse
875 3792 941 3855 eins
963 3792 1107 3857 materiae.
1154 3792 1216 3856 Sed
1237 3792 1310 3876 quia
1329 3792 1393 3857 baec

288 3901 406 3967 theoria
427 3904 460 3967 in
480 3904 606 3989 physica
620 3903 743 3968 admitti
757 3904 876 3988 nequit,
892 3914 927 3968 ut
943 3925 1022 3988 saepe
1037 3902 1229 3967 ostendimus
1237 3927 1247 3982 3
1270 3903 1340 3967 ideo
1354 3904 1394 3967 ad

287 4011 346 4078 alia
367 4014 516 4099 principia
537 4016 753 4080 resumendum
776 4023 835 4094 est,
850 4037 887 4079 ex
909 4015 1022 4099 quibus
1044 4014 1172 4099 physica
1194 4015 1391 4099 antiquorum

287 4123 465 4207 corrigatur,
491 4134 523 4188 ot
546 4126 769 4211 consequentia
795 4148 831 4189 ex
854 4126 904 4191 his
933 4126 1071 4192 deductae
1101 4147 1173 4197 cum
1201 4126 1394 4190 convenienti

286 4232 468 4299 limitatione
483 4236 680 4320 accipiantur.

330 4349 383 4409 54.
407 4345 522 4411 Obiicit
542 4347 601 4411 sibi
624 4348 656 4411 S.
680 4349 813 4412 Thomas
836 4348 935 4432 (ibid.)
960 4348 1059 4433 primo
1076 4346 1152 4426 loco,
1176 4347 1259 4431 quod
1282 4371 1391 4434 corpus
