3200 4984
204 396 278 438 cnr.
297 377 335 459 a]
526 399 569 443 nr
585 398 787 442 svssraurrr
801 399 988 443 conronaa.
1261 378 1308 439 99

204 561 279 627 dum
294 572 351 643 est,
365 571 518 648 punctum
534 564 633 631 fluens
648 588 711 630 non
726 566 842 631 efficere
858 555 1002 652 spatium,
1014 584 1070 630 nec
1086 562 1156 629 dare
1171 562 1215 628 illi
1231 586 1306 641 esse,

160 696 163 699 ’
186 760 189 767 Ι
204 676 259 738 sed
272 675 350 740 illud
364 676 532 741 successive
546 677 711 743 terminare
726 677 941 743 terminatione
955 678 1132 756 extrinseca,
1147 697 1201 761 per
1216 698 1308 761 quam

205 788 339 871 spatium
356 810 538 873 percursam
558 789 774 855 denominatur
795 790 857 855 tale
882 790 1024 869 relative3
1047 790 1107 855 nisi
1127 789 1209 853 enim
1229 810 1308 873 prae·

204 899 346 964 existeret
360 900 507 985 spatium,
522 922 587 964 non
601 900 710 965 flueret
724 901 758 966 in
772 923 809 965 eo
823 910 984 985 punctum.
1019 901 1069 965 Sic
1084 900 1175 966 etiam
1191 900 1310 965 instans

205 1010 306 1075 fluens
331 1034 394 1076 non
416 1012 509 1077 efficit
533 1013 737 1093 durationem,
752 1035 809 1077 nec
834 1014 887 1079 dat
910 1014 956 1077 illi
976 1036 1050 1092 esse,
1067 1013 1120 1077 sed
1137 1013 1220 1077 illam
1242 1033 1310 1076 suc·

207 1124 319 1187 cessive
334 1124 480 1190 terminat
501 1125 717 1190 terminatione
734 1126 912 1205 extrinseca,
929 1148 984 1211 per
1003 1148 1096 1212 quam
1117 1125 1237 1190 duratio
1259 1123 1311 1187 illa

207 1235 425 1302 denominatur
446 1236 518 1301 talis
543 1237 709 1302 successive
719 1264 730 1316 3
757 1237 818 1301 nisi
841 1237 923 1302 enim
949 1238 1153 1323 praeexisteret
1179 1236 1310 1311 duratio,

208 1372 271 1413 non
285 1349 393 1413 flueret
407 1349 527 1413 instans
542 1371 598 1434 per
612 1371 691 1414 eam.
737 1348 799 1414 sed
814 1350 852 1414 de
873 1349 922 1414 bis
942 1349 1103 1435 loquemur
1125 1348 1158 1412 in
1177 1355 1311 1413 tractatu

207 1460 330 1546 speciali
347 1462 383 1525 dc
404 1462 499 1527 tribisa
514 1462 672 1541 continuis,
687 1460 742 1525 ubi
760 1462 959 1527 ostendemus
978 1460 1055 1525 illud
1078 1460 1263 1538 absolutum,
1278 1458 1311 1521 in

208 1594 270 1657 quo
294 1571 444 1636 fundatur
465 1593 558 1635 omne
579 1572 714 1655 spatium
736 1570 905 1650 relativum,
920 1594 986 1635 esse
1009 1570 1225 1636 virtualitatem
1243 1568 1312 1632 inli-

208 1684 307 1748 nitam
322 1682 538 1748 immensitatis
553 1682 676 1762 divinae,
692 1694 723 1747 et
738 1682 816 1749 illud
830 1682 1015 1775 absolutum,
1032 1683 1066 1749 in
1083 1705 1145 1768 quo
1165 1680 1313 1746 fundatur

210 1793 311 1858 omnis
334 1792 458 1857 duratio
476 1792 613 1873 relativa,
629 1815 695 1857 esse
709 1792 928 1858 virtualitatem
952 1794 1105 1857 infinitam
1125 1792 1313 1857 aeternitatis.

211 1903 331 1968 Ibidem
346 1925 468 1987 quoque
482 1902 672 1981 ostendetur,
685 1912 808 1987 tempus
824 1915 854 1967 et
870 1905 1003 1989 spatium
1019 1903 1140 1988 proprie
1155 1911 1186 1968 et
1202 1902 1312 1966 intrin-

211 2036 278 2079 sece
301 2036 365 2077 non
390 2035 455 2077 esse
478 2013 679 2097 quantitates,
703 2013 757 2077 sed
786 2014 957 2093 relationes,
981 2025 1012 2077 et
1037 2014 1314 2079 denominationem

212 2124 404 2212 quantitatis,
419 2133 449 2187 et
475 2124 601 2209 quidem
628 2133 790 2202 contmuae,
816 2120 957 2190 advenire
981 2125 1054 2209 ipsis
1073 2150 1092 2190 a
1115 2124 1316 2189 continuitate

213 2245 326 2314 motus,
342 2256 404 2320 quo
418 2235 606 2318 percurritur
628 2234 772 2319 spatium,
788 2248 819 2298 et
842 2258 860 2297 a
880 2236 1082 2299 continuitate
1102 2234 1240 2314 actionis,
1256 2256 1317 2319 qna

214 2346 393 2432 producitur
408 2346 512 2410 antiit
527 2354 640 2410 motus.

260 2462 323 2531 17„
338 2458 466 2522 Odiieies
479 2460 525 2522 3⁰.
548 2457 664 2522 Saltem
679 2480 753 2541 ergo
768 2456 909 2541 neganda
922 2467 1002 2521 esset
1016 2457 1201 2541 possibilitas
1216 2466 1318 2522 motus

215 2568 364 2633 continui.
409 2567 492 2632 Nam
515 2576 627 2646 motus,
643 2579 735 2653 prout
757 2577 804 2631 est
826 2568 859 2631 in
882 2567 998 2646 mobili,
1015 2576 1134 2631 constat
1148 2568 1268 2632 realiter
1282 2591 1318 2633 ex

215 2681 371 2747 continuis
393 2679 569 2759 momentis,
595 2702 651 2744 seu
674 2679 834 2743 conatibus
858 2679 896 2743 ad
924 2690 1052 2758 motam,
1073 2701 1141 2764 quae
1165 2690 1319 2744 momenta

217 2802 290 2858 sunt
305 2791 510 2870 indivisibilia,
526 2792 603 2856 sicut
618 2791 684 2876 ipsa
698 2801 814 2876 puncta
829 2790 1005 2855 materialia.
1043 2791 1127 2874 Ergo
1142 2812 1204 2855 non
1219 2792 1320 2855 minor

217 2916 264 2971 est
278 2906 356 2969 ratio
371 2904 507 2987 negandi
520 2912 639 2968 motum
652 2903 845 2980 continuum,
858 2925 951 2986 quam
962 2904 1120 2967 materiam
1129 2904 1318 2969 continuam.

264 3016 454 3101 Respondeo.
477 3017 521 3078 N.
537 3026 599 3080 out.
623 3015 673 3080 Ad
688 3015 773 3100 prob.
791 3017 859 3080 diat.
876 3023 938 3079 ont.
956 3024 1058 3079 motus
1073 3000 1234 3079 uniformis
1249 3038 1319 3080 con-

219 3139 281 3195 stat
295 3152 332 3193 ex
346 3128 500 3193 continuis
515 3129 676 3193 conatibus
690 3129 730 3192 ad
747 3138 867 3192 motum
888 3152 917 3192 n.
938 3137 1001 3193 ont.
1047 3128 1154 3193 Motus
1176 3130 1321 3193 continue

219 3242 402 3308 acceleratus
424 3239 472 3305 vel
494 3240 665 3304 retardatus
689 3239 822 3324 pervim
847 3239 980 3323 aliquam
1006 3240 1193 3320 continuam,
1209 3243 1321 3306 subdis·

221 3360 338 3439 tiopuo:
361 3361 482 3417 constat
505 3375 542 3416 ex
564 3352 725 3417 conatibus
751 3362 785 3414 ut
801 3352 947 3435 gradibus
963 3352 1149 3417 intensitatis
1164 3376 1242 3417 conc.
1259 3363 1320 3417 ont.

221 3481 257 3531 ut
272 3467 411 3552 partibus
425 3464 587 3529 extensivis
601 3486 673 3547 nepo
688 3472 751 3527 ont.
766 3472 795 3526 et
810 3486 923 3547 conseq.

265 3580 373 3643 Motus
394 3576 565 3654 uniformis,
581 3575 675 3639 semel
697 3598 731 3640 nc
754 3577 879 3659 ponitur
897 3575 1064 3660 acquisitus
1087 3601 1105 3640 a
1128 3577 1243 3656 mobili,
1259 3600 1321 3641 non

112 3712 116 3717 ’
223 3692 313 3755 durat
334 3696 458 3775 propter
478 3710 573 3751 novos
595 3697 723 3752 conatus
746 3688 785 3751 ad
808 3696 936 3766 motum,
961 3688 1014 3751 sed
1036 3700 1160 3773 propter
1182 3689 1323 3753 inertiam

223 3803 366 3880 materiae,
382 3823 437 3865 seu
449 3800 573 3885 praecise
587 3807 712 3884 propter
727 3799 896 3863 absentiam
913 3820 1059 3862 novorum
1080 3810 1265 3878 conatuum;
1288 3823 1324 3863 err

224 3940 285 4002 quo
312 3917 348 3980 fit
377 3927 413 3979 ut
443 3914 570 3978 materia
598 3913 692 3977 semel
715 3913 917 3977 determinata
940 3913 979 3976 ad
1004 3923 1133 3993 motum,
1160 3916 1193 3984 in
1219 3915 1324 3978 eadem

224 4030 363 4114 passione
386 4036 489 4091 motus
511 4035 691 4112 perseveret.
737 4025 798 4089 Sed
821 4026 913 4089 etiam
943 4026 969 4088 si
998 4024 1151 4089 addantur
1179 4025 1325 4090 continue

227 4142 295 4205 novi
309 4148 438 4205 conatus
462 4139 509 4221 (nt
519 4136 556 4200 fit
570 4137 603 4200 in
619 4147 706 4201 motu
720 4136 870 4220 producto
885 4160 902 4201 a
916 4137 946 4201 vi
961 4137 1118 4221 continua)
1143 4158 1206 4201 non
1222 4146 1325 4204 tamen
1405 4217 1408 4223 .

226 4253 372 4337 seqnitur,
402 4260 521 4313 motum
552 4248 735 4333 productum
765 4248 829 4312 fore
857 4247 1060 4332 compositum
1098 4271 1134 4311 ex
1167 4248 1326 4313 conatibus

228 4365 348 4429 motivis
363 4362 528 4439 continuis,
545 4368 701 4445 tamquam
717 4382 752 4424 ex
768 4360 907 4444 partibus
930 4360 1102 4439 extensiviS,
1118 4361 1196 4425 sic'ut
1219 4361 1327 4425 accidit

1096 4494 1118 4534 rr
1135 4477 1155 4535 2
