3200 4984
281 376 327 440 26
720 397 763 441 na
779 397 965 443 rumonus
1244 375 1329 460 [car.
1345 395 1388 440 11.

325 555 509 643 Respondeo
537 558 570 623 id
595 581 661 624 esse
680 560 808 626 omnino
830 558 1026 645 impossibile.
1072 557 1155 621 Nam
1180 561 1223 622 10.
1248 558 1388 628 Edaccre

281 668 412 734 formam
433 669 472 734 de
493 670 632 756 potentia
654 671 790 736 materia
810 671 963 756 significat
985 670 1114 736 educere
1135 670 1173 733 de
1194 670 1322 734 materia
1341 670 1391 749 id,

282 780 365 866 quod
383 780 436 845 dat
459 804 524 846 esse
539 781 674 866 primum
688 783 834 848 materiae.
880 781 978 867 Atqui
993 781 1031 846 de
1045 780 1132 844 nulla
1145 779 1284 865 potentia
1296 779 1386 845 educi

281 900 383 978 potest
397 892 524 978 aliquid,
540 893 623 978 qnod
638 893 690 958 det
706 917 772 958 esse
786 893 886 958 cidem
900 893 1056 978 potentiae.
1099 892 1185 976 Ergo
1199 891 1298 956 forma
1312 891 1385 956 sub·

282 1003 433 1069 stantialis
447 1005 554 1090 nequit
569 1004 659 1070 educi
673 1005 710 1070 de
725 1006 855 1070 materia
867 1005 974 1089 prima
1021 1002 1124 1067 Maior
1134 1009 1254 1067 constat
1265 1023 1301 1066 cx
1310 1001 1385 1065 defi·

281 1116 399 1181 uitione
420 1116 526 1180 formae
548 1116 768 1197 substantialis,
789 1139 884 1203 quam
911 1138 1018 1181 omnes
1043 1114 1223 1178 admittunt.
1277 1112 1385 1177 Minor

281 1249 351 1292 vero
373 1236 419 1292 est
441 1227 565 1293 evidens
587 1237 617 1293 et
640 1237 742 1308 certa;
767 1229 841 1314 quia
860 1227 998 1312 potentia
1021 1247 1088 1310 quae
1110 1225 1248 1289 nondum
1267 1221 1383 1308 accepit

282 1359 357 1417 esse,
380 1337 459 1402 nihil
481 1339 628 1419 eontinet,
651 1339 735 1424 quod
758 1339 796 1404 de
817 1361 854 1403 ea
874 1338 1023 1404 educatur
1030 1362 1040 1416 3
1063 1336 1201 1422 potentia
1222 1355 1294 1400 vcro
1315 1356 1386 1419 quae

280 1449 342 1514 mm
357 1449 450 1514 habet
465 1471 540 1530 esse,
556 1471 621 1514 non
638 1458 685 1516 est
707 1450 840 1535 amplius
862 1448 990 1515 moeris
1012 1448 1120 1534 prima.
1165 1451 1210 1513 20.
1234 1447 1387 1510 Praeterea

281 1561 420 1646 potentia
442 1561 572 1640 essendi,
595 1583 664 1646 qma
686 1569 732 1625 est
755 1561 788 1625 iu
811 1560 939 1625 materia
959 1560 1069 1644 prima,
1091 1579 1156 1622 non
1176 1564 1224 1620 est
1246 1556 1386 1641 potentia

280 1673 370 1736 realis
379 1679 410 1736 et
419 1672 546 1758 physica
553 1697 564 1752 3
586 1694 661 1757 ergo
671 1672 749 1737 nihil
760 1672 881 1737 realeet
889 1672 1051 1758 physicum
1065 1692 1102 1733 cx
1116 1691 1152 1734 ca
1161 1668 1255 1732 educi
1270 1675 1384 1752 potest.

281 1783 392 1848 Forma
418 1791 521 1847 autem
548 1783 757 1848 substantialis
783 1791 864 1848 esset
889 1781 1006 1867 aliquid
1033 1781 1113 1846 reale
1141 1787 1174 1844 ct
1201 1779 1388 1865 physicum,

281 1894 432 1979 siquidem
455 1895 566 1958 laceret
589 1917 656 1959 esse
678 1894 800 1959 realiter
828 1902 860 1958 ct
887 1893 1013 1979 physice
1042 1891 1254 1956 substantiam.
1299 1890 1385 1974 Ergo

281 2005 389 2090 nequit
410 2005 509 2068 forma
531 2005 740 2070 substantialis
762 2005 852 2070 educi
875 2005 912 2068 de
937 2003 1075 2088 potentia
1104 2003 1238 2082 materiae
1265 2001 1383 2086 primes.

281 2113 383 2178 Maior
397 2122 444 2178 est
459 2114 583 2180 evidens
598 2124 628 2179 et
644 2125 734 2195 certa,
747 2113 783 2180 ut
799 2137 891 2200 supra
902 2115 1036 2179 vidimus
1047 2136 1079 2178 n.
1091 2117 1144 2180 27.
1157 2122 1188 2178 et
1197 2135 1385 2198 consequens

281 2235 328 2290 cst
349 2225 554 2290 necessarium
565 2251 576 2305 3
610 2227 761 2313 siquidem
783 2227 891 2311 nequit
913 2226 1002 2291 educi
1024 2225 1140 2310 aliquid
1161 2225 1241 2290 reale
1262 2248 1299 2289 ex
1319 2247 1382 2289 non

281 2336 364 2401 reali.
408 2339 454 2403 3⁰.
489 2338 640 2402 Praeterea
662 2339 688 2402 si
709 2338 809 2402 forma
831 2337 1042 2402 substantialis
1064 2336 1225 2422 exaliqua
1246 2337 1388 2421 potentia

280 2449 370 2514 educi
383 2457 497 2534 posset,
509 2435 739 2514 educeretur-ex
753 2449 892 2533 potentia
906 2449 1011 2526 activa
1023 2470 1088 2511 non
1101 2470 1138 2511 ex
1147 2446 1275 2532 passiva,
1285 2446 1384 2532 qualis

281 2569 327 2625 est
342 2561 479 2625 materia
514 2561 597 2624 Nam
612 2560 709 2624 forma
723 2568 770 2623 est
785 2566 883 2638 actas,
897 2567 928 2623 et
943 2559 1030 2623 mdla
1042 2556 1250 2642 potentialitas
1264 2557 1388 2641 passiva
1422 2629 1425 2632 ,

281 2672 479 2757 praecontinet
502 2680 606 2736 actum
615 2697 626 2750 3
648 2670 820 2736 excluditur
841 2671 925 2734 cuim
947 2678 1033 2734 actus
1054 2692 1073 2733 a
1094 2669 1232 2753 potentia
1252 2669 1381 2752 passiva.

281 2787 325 2846 4⁰.
349 2783 498 2847 Praeterea
513 2782 588 2866 quid
603 2790 649 2846 est
664 2782 804 2866 potentia
818 2782 952 2845 materiae
965 2780 1081 2865 primae,
1097 2780 1158 2844 nisi
1172 2780 1243 2863 ipsa
1256 2780 1387 2844 materia

280 2893 379 2978 prima
391 2894 405 2958 l
428 2893 581 2977 quomodo
596 2901 699 2957 autem
713 2915 804 2958 causa
818 2893 920 2977 aliqua
930 2892 1078 2956 naturalis
1088 2901 1192 2976 posset
1207 2891 1245 2955 de
1256 2891 1387 2977 eoquod.

281 3027 345 3069 non
360 3012 406 3068 est
421 3027 485 3082 ens,
503 3003 556 3067 scd
569 3027 646 3088 pura
660 3004 800 3088 privatio,
817 3005 974 3067 extrahere
989 3002 1180 3070 entitateml.
1218 3003 1287 3067 Hoc
1305 3011 1385 3083 certe

281 3124 361 3180 essct
386 3138 456 3180 vera
484 3116 606 3194 creatio,
632 3115 707 3200 quia
734 3137 774 3180 ex
801 3115 899 3178 nihilo
923 3113 1010 3178 fieret
1033 3114 1149 3198 aliquid
1173 3114 1385 3179 substantiale.

282 3228 393 3292 Forma
408 3234 510 3291 autem
525 3248 587 3290 non
602 3226 638 3289 fit
652 3248 707 3311 per
727 3225 919 3304 creationem,
935 3225 1069 3311 quando,
1084 3225 1169 3289 iuxta
1187 3226 1384 3305 adversarios,

282 3339 424 3403 educitm
437 3360 474 3402 ex
488 3336 623 3401 materia.
670 3337 766 3401 Nullo
781 3359 854 3420 ergo
869 3335 961 3400 modo
980 3335 1131 3400 educitur.
1177 3339 1221 3400 5⁰.
1244 3336 1383 3401 Tandem

283 3451 309 3514 si
328 3450 404 3535 quid
421 3449 509 3514 educi
528 3449 618 3513 debet
638 3471 675 3512 ex
696 3448 797 3534 aliqua
816 3447 963 3532 potentia,
979 3446 1187 3532 potentiailla
1207 3447 1298 3512 debet
1317 3471 1384 3512 esse

282 3562 342 3625 iam
368 3561 527 3626 interum
556 3568 667 3624 natura
691 3558 834 3638 existens,
858 3566 895 3621 ut
924 3579 1024 3622 causae
1045 3559 1180 3622 naturali
1205 3559 1385 3624 subiiciatur

282 3671 384 3757 quoad
398 3671 603 3749 eductionem,
619 3692 680 3754 qua
695 3669 837 3733 educitur
849 3670 963 3733 forma„
986 3669 1047 3733 Sed
1063 3669 1088 3733 si
1104 3671 1241 3754 potentia
1255 3671 1308 3736 illa
1321 3673 1384 3736 iam

282 3791 329 3848 cst
350 3783 482 3846 existens
504 3783 537 3846 in
559 3804 661 3845 rerum
683 3789 803 3858 natura,
835 3781 897 3844 iam
920 3779 1013 3844 habet
1031 3789 1134 3844 actum
1149 3781 1280 3861 essendi,
1296 3791 1327 3845 ct
1342 3783 1388 3847 sic

281 3894 427 3958 educetur
441 3915 478 3956 ex
493 3915 528 3956 ea
542 3894 640 3956 forma
656 3890 843 3968 secundaria,
858 3912 921 3955 non
936 3913 1007 3954 vero
1022 3891 1083 3971 illa,
1099 3915 1168 3976 quae
1183 3891 1235 3956 dat
1249 3893 1382 3978 primum

282 4027 366 4070 esse:
389 4005 447 4068 hoc
470 4004 552 4068 enim
574 4004 636 4067 iam
658 4003 842 4087 praeexistit3
866 4011 897 4066 et
912 4003 955 4066 sic
970 4003 1068 4067 forma
1083 4026 1151 4088 qnae
1165 4003 1307 4068 educitur
1320 4027 1388 4070 non.

281 4125 328 4180 cst
347 4115 576 4180 substantialis.
636 4115 670 4178 si
699 4136 769 4178 vero
798 4113 944 4198 potentia
965 4114 1023 4177 illa·
1048 4114 1089 4177 sit
1118 4117 1245 4179 materia
1274 4117 1383 4200 prima,

281 4226 408 4291 materia
421 4227 530 4311 prima,
545 4247 619 4290 cum·
629 4248 692 4291 non
707 4227 817 4288 existat
831 4225 864 4288 in
879 4248 982 4289 rerum
996 4234 1115 4304 natura,
1127 4248 1191 4289 non
1205 4227 1384 4293 subiicietur

281 4338 371 4404 alicui
386 4359 484 4402 causae
498 4335 648 4414 naturali;
671 4344 702 4399 et
718 4335 760 4400 sic
775 4335 862 4399 nulla
876 4335 973 4400 forma
988 4357 1025 4398 ex
1038 4357 1073 4400 ca
1088 4336 1177 4400 educi
1190 4345 1302 4420 potest.
