3200 4984
263 356 326 420 160
567 376 610 420 ns
627 378 833 422 suasranrra
850 378 1033 422 comosus.
1218 357 1306 441 [car.
1323 376 1362 419 rr.

260 551 290 607 et
305 557 450 627 praeterea
464 544 583 609 eruitur
593 568 629 609 ex
644 544 846 630 possibilitate
860 555 1002 610 motuum
1017 544 1143 609 diversae
1157 546 1363 609 intensitatis:

261 655 286 719 ai
302 656 385 720 enim
399 677 462 721 non
476 668 601 741 possent
616 656 678 720 duo
687 656 838 721 elementa
853 657 963 721 habere
977 657 1125 721 diversam
1142 656 1362 733 intensitatem‚

261 787 324 831 non
339 774 474 852 possent,
484 768 600 833 caeteris
615 767 750 853 paribus,
762 767 894 832 obtineri
908 777 1013 832 motus
1024 768 1151 832 diversae
1164 767 1361 832 intensitatis.

261 879 376 944 Utrum
391 888 494 943 autem
510 878 548 944 de
562 880 642 945 facto
658 880 690 943 in
706 880 865 944 elementis
880 881 1016 944 materiae
1030 880 1184 945 distinctis
1199 880 1246 943 vis
1266 880 1363 943 activa

260 992 301 1056 sit
324 990 510 1055 intensitatis
534 990 666 1071 diversae,
688 991 728 1056 ad
751 991 909 1078 physicam
935 992 1201 1077 experimentalem
1227 990 1361 1076 pertinet

259 1103 429 1188 inquirere:
453 1125 509 1167 nos
524 1101 641 1188 aliquid
663 1100 701 1167 de
728 1103 786 1167 hoc
801 1104 881 1167 facto
896 1102 1061 1167 innuemus
1076 1104 1166 1182 infra,
1183 1102 1362 1166 affirmando

258 1215 352 1280 talem
367 1214 573 1280 diversitatem
589 1214 776 1279 intensitatis
790 1237 856 1278 esse
871 1214 904 1277 in
920 1238 1022 1278 rernm
1038 1224 1148 1278 natura
1162 1215 1361 1278 necessariam

259 1325 298 1391 ad
327 1325 533 1411 explicandam
562 1324 814 1390 constitutionem
840 1326 1045 1409 quorumdam
1074 1348 1248 1411 corporum.
1299 1325 1361 1389 Hic

258 1460 330 1503 vero
344 1438 454 1502 sufficit
474 1436 563 1501 nobis
577 1436 688 1501 virium
711 1436 877 1501 antivarum
900 1437 1132 1502 elementarium
1155 1437 1360 1503 diversitatem

259 1550 337 1615 eirca
351 1548 560 1613 intensitatem
576 1570 642 1612 esse
656 1547 842 1633 possibilem.

300 1663 354 1725 68.
378 1660 534 1737 Quaeritur
549 1660 688 1745 septimo,
705 1669 776 1744 quot
790 1662 852 1724 sint
865 1663 974 1745 species
988 1662 1193 1726 elementorum
1206 1665 1345 1726 materia.

301 1772 485 1858 Respondeo
499 1795 564 1836 esse
579 1771 666 1836 duas.
712 1771 817 1849 Quum
839 1774 921 1837 enim
936 1796 1034 1838 unum
1050 1774 1236 1839 elementum
1246 1775 1284 1838 ab
1300 1775 1360 1839 alio

257 1906 320 1951 non
336 1883 455 1949 differat
469 1883 529 1947 nisi
544 1883 713 1948 secundum
722 1883 902 1969 qualitatem
916 1892 948 1948 et
962 1886 1167 1971 quantitatem
1179 1888 1224 1949 vis
1239 1888 1358 1965 activae,

258 2005 289 2063 et
304 1995 474 2062 differentia
493 1995 662 2060 secundum
683 1996 887 2081 quantitatem
909 2018 973 2061 non
995 2007 1096 2062 mutet
1118 1999 1260 2083 speciem,
1274 1999 1360 2063 iuxta

259 2109 398 2175 axioma:
420 2110 515 2192 mopir
529 2116 558 2173 et
573 2110 669 2171 minus
682 2130 741 2171 noa
755 2117 870 2173 mutant
884 2110 1017 2192 speeiem,
1033 2110 1172 2195 sequitur
1186 2132 1221 2174 ea
1235 2121 1359 2176 tantum

257 2244 347 2309 posse
362 2218 527 2307 specificati
542 2242 559 2283 a
574 2218 721 2303 qualitate
736 2219 789 2284 vis.
837 2220 935 2305 Atqui
949 2218 1082 2285 vidimus
1094 2222 1174 2286 hanc
1189 2245 1251 2286 non
1268 2246 1357 2308 posse

213 2380 215 2384 -
257 2357 322 2399 esse
341 2333 401 2398 nisi
417 2333 465 2398 vel
481 2332 682 2411 attractivam,
698 2331 745 2396 vel
768 2333 963 2417 repulsivam.
1007 2334 1089 2398 Duae
1104 2356 1177 2419 ergo
1192 2336 1264 2400 solae
1285 2346 1359 2402 sunt

256 2446 371 2532 species
399 2444 637 2510 elementorum:
670 2451 700 2507 et
730 2442 787 2507 sub
818 2444 866 2507 his
896 2444 1015 2509 duabus
1043 2457 1175 2530 possunt
1208 2448 1357 2512 contineri

255 2558 417 2623 innumera
431 2555 598 2635 individua,
614 2555 676 2619 sive
691 2554 837 2635 eiusdem,
853 2557 915 2620 sive
931 2556 1058 2622 diversae
1073 2557 1273 2623 intensitatis.

300 2668 481 2735 Notandum
505 2675 609 2731 autem
633 2674 689 2744 est,
712 2665 793 2750 quod
818 2666 907 2751 plura
928 2666 1086 2732 individua
1108 2668 1234 2733 diversae
1255 2669 1357 2733 inten-

256 2782 365 2861 sitatis,
376 2781 447 2845 licet
462 2779 524 2843 sint
536 2776 672 2842 eiusdem
688 2776 809 2862 speciei,
818 2787 1005 2841 concurrunt
1019 2786 1123 2843 tamen
1138 2803 1193 2864 per
1208 2779 1358 2845 diversam

255 2894 406 2959 actionem
429 2892 469 2956 ad
492 2888 742 2974 compositionem
768 2888 986 2954 molecularum
1013 2912 1236 2977 corporearum,
1256 2901 1287 2957 ct
1311 2893 1357 2956 di-

255 3029 341 3072 verso
355 3006 447 3069 modo
462 3002 530 3067 illas
545 3001 737 3067 constituunt
747 3010 778 3066 et
793 3011 968 3087 praeparant
982 3004 1022 3067 ad
1036 3004 1192 3089 agendum
1201 3005 1240 3069 ad
1254 3014 1357 3069 extra:

256 3129 287 3185 et
325 3119 367 3182 sic
404 3138 565 3199 exsurgere
603 3124 734 3199 possunt
771 3113 875 3199 plures
905 3116 1064 3180 varietates
1094 3117 1247 3181 naturales
1276 3118 1358 3182 intra

256 3229 393 3296 eamdem
408 3227 540 3312 speciem
555 3226 730 3291 moleculae:
753 3226 801 3291 hae
812 3236 915 3291 autem
931 3228 1101 3308 varietates,
1113 3228 1184 3293 lieet
1199 3229 1232 3292 in
1250 3230 1357 3293 ordine

256 3340 434 3407 substantiae
453 3362 514 3403 non
535 3338 725 3403 constituant
748 3359 842 3402 novas
863 3340 986 3423 species,
1012 3340 1072 3404 dici
1096 3350 1199 3405 tamen
1225 3351 1356 3427 possunt

251 3454 341 3520 'novae
356 3451 470 3538 species
491 3451 524 3514 in
544 3450 652 3515 ordine
667 3450 705 3514 ad
726 3458 868 3514 naturam
878 3476 887 3527 3
910 3452 983 3535 quia
1005 3452 1162 3517 moleculae
1183 3453 1243 3517 hoc
1264 3454 1356 3517 modo

256 3568 381 3632 diversae
403 3572 532 3650 possunt
547 3585 682 3627 exercere
698 3571 782 3626 extra
797 3584 829 3625 se
853 3562 987 3627 actiones
1011 3564 1214 3648 producentes
1229 3565 1355 3629 effectus

256 3678 393 3764 specifice
409 3676 550 3753 diversos,
567 3682 597 3739 et
614 3673 656 3737 sic
671 3674 822 3737 elementa
837 3672 972 3737 eiusdem
990 3675 1100 3759 speciei
1115 3685 1302 3741 concurrunt
1316 3677 1356 3741 ad

254 3788 484 3857 constituendas
505 3796 629 3850 naturas
653 3784 790 3869 specifice
806 3784 959 3864 diversas3
982 3785 1065 3871 quod
1088 3786 1169 3850 infra
1184 3787 1293 3851 melius
1308 3788 1356 3852 in·

254 3902 419 3985 telligatur.
466 3897 613 3974 Quamvis
639 3918 710 3980 ergo
736 3894 805 3961 duae
824 3894 895 3959 solae
915 3895 977 3960 sint
1002 3898 1117 3982 species
1132 3898 1354 3963 elementorum

255 4011 449 4096 simplicium,
464 4008 604 4093 plurimae
618 4028 683 4070 esse
697 4014 828 4091 possunt
851 4006 966 4090 species
988 4007 1207 4072 molecularum
1231 4018 1262 4072 et
1283 4010 1355 4073 sub-

254 4124 436 4189 stantiarum
450 4118 637 4183 naturalium
652 4140 688 4181 ex
702 4116 763 4181 illis
778 4116 1025 4201 compositarum.

298 4236 351 4299 69.
375 4232 531 4309 Quaeritur
556 4238 671 4307 octavu,
687 4230 806 4311 quinam
820 4231 861 4293 sit
884 4231 1005 4313 effectus
1019 4233 1145 4294 actionis
1160 4231 1284 4293 duorum
1298 4232 1354 4295 cle-

255 4354 413 4408 mentorum
428 4344 649 4407 attractivorum
665 4340 705 4404 od
718 4342 848 4404 invicem.
