3200 4984
203 406 272 453 aaa.
291 385 345 471 11.]
581 407 700 453 annun
716 407 946 452 sarcasmum.
1262 385 1303 445 19

199 572 306 650 aivum,
321 571 364 634 ita
378 569 543 634 'ridiculum
557 578 605 634 est
619 577 650 634 ct
666 570 936 634 contradictorium
951 570 1051 635 dicere
1064 571 1221 634 materiam
1239 570 1301 654 pri-

200 703 293 762 mam,
307 681 341 746 id
355 691 402 746 est
418 682 591 762 informem,
607 703 673 746 esse
688 667 861 761 formatam,
876 692 929 746 aut
951 683 1171 748 informitatem
1189 705 1253 746 esse
1267 682 1301 745 in

199 793 340 858 formato.
385 793 476 858 Ratio
499 803 545 858 est
563 793 646 879 quod
664 794 742 858 sicut
765 794 891 858 cadaver
911 793 1018 878 nequit
1033 816 1098 856 esse
1112 794 1225 872 virum,
1240 793 1301 858 nisi

198 913 294 970 cesset
309 929 375 970 esse
389 907 526 985 cadaver,
541 907 587 970 ita
606 906 734 970 materia
754 906 904 984 informis,
919 906 967 970 vel
986 905 1095 990 prima,
1111 905 1218 990 nequit
1236 926 1300 968 esse

198 1017 337 1097 formate,
353 1017 413 1082 nisi
435 1025 531 1083 cesset
553 1029 618 1082 esse
641 1018 834 1099 informiset
855 1017 964 1102 prima.
1009 1017 1082 1081 Non
1105 1039 1178 1100 ergo
1198 1015 1300 1080 existit

197 1129 299 1213 aliqua
321 1129 447 1192 materia
469 1129 567 1213 prima
588 1128 715 1215 physica
738 1129 795 1192 sub
818 1150 875 1192 sua
896 1130 1002 1207 forma,
1019 1129 1097 1193 sicut
1115 1151 1178 1192 non
1198 1127 1300 1191 existit
1363 1132 1366 1138 ⁴

198 1241 324 1305 cadaver
338 1239 394 1304 sub
410 1239 508 1304 forma
522 1240 672 1304 animalis.
711 1240 752 1303 Et
767 1261 804 1303 ex
818 1240 876 1304 boc
890 1249 975 1324 patet
990 1261 1054 1303 non
1068 1262 1134 1304 esse
1148 1239 1181 1302 in
1196 1257 1299 1303 rerum

197 1361 307 1416 natura
326 1351 459 1436 aliquam
478 1352 636 1416 materiam
655 1352 795 1436 primam,
812 1373 880 1436 quse
894 1351 927 1416 in
942 1361 1082 1416 concreto
1098 1352 1138 1414 sit
1152 1351 1298 1435 potentia,

196 1471 228 1527 et
253 1463 373 1528 dicatur
392 1464 530 1548 potentia
553 1464 652 1542 realis,
673 1463 705 1528 id
731 1471 778 1527 est
801 1463 936 1551 physica.
983 1463 1134 1527 Remanet
1162 1485 1246 1546 ergo,
1262 1470 1298 1526 ut

197 1576 324 1640 materia
346 1576 445 1660 prima
471 1576 590 1640 dicatur
614 1575 833 1659 potentialitas,
852 1575 900 1639 vel
925 1575 1062 1658 potentia
1087 1575 1120 1637 in
1146 1574 1298 1639 abstracto
1355 1652 1360 1659 Ι

195 1693 328 1766 tantum,
349 1695 385 1750 ut
414 1696 460 1751 est
490 1695 655 1772 conceptus
684 1687 811 1751 rationis
837 1687 1041 1751 abstrahentis
1066 1709 1085 1749 a
1109 1687 1208 1750 forma
1230 1703 1297 1750 eam

194 1808 347 1864 estuante.
404 1799 455 1863 Sic
485 1800 577 1877 enim,
604 1821 699 1885 quum
725 1799 760 1862 in
786 1808 926 1863 concreto
949 1797 1098 1862 habeatur
1126 1797 1298 1862 substantia
1400 1796 1404 1802 ⁴

195 1911 359 1975 materialis
386 1909 514 1995 praedita
539 1911 569 1975 vi
593 1910 690 1974 activa
713 1920 744 1974 et
763 1909 892 1995 passiva,
907 1920 938 1974 et
957 1910 1029 1974 hinc
1048 1910 1126 1973 ratio
1145 1910 1297 1994 concipiat

193 2021 358 2086 essentiam
378 2022 512 2084 materiae
534 2027 570 2084 ut
590 2028 781 2084 constantem
802 2029 873 2084 actu
891 2029 922 2084 et
941 2021 1079 2105 potentia
1093 2021 1175 2100 reali,
1191 2021 1296 2086 eadem

196 2134 274 2198 ratio
289 2133 440 2199 abstrahit
455 2132 494 2196 ab
509 2132 603 2197 altero
618 2153 734 2211 eorum,
750 2140 781 2197 ct
796 2132 965 2197 considerat
985 2133 1135 2196 abstracte
1155 2133 1295 2212 alterum,

194 2254 230 2310 ut
245 2253 408 2330 cognoscat
423 2245 488 2309 eius
503 2242 706 2328 qnidditatem
729 2243 933 2309 abstractam:
957 2243 1074 2308 invenit
1094 2253 1207 2323 autem,
1224 2267 1295 2308 con-

193 2357 369 2422 stitutivum
390 2356 535 2442 potentiae
561 2355 650 2420 realis
673 2378 739 2420 esse
758 2354 1015 2440 potentialitatem
1035 2355 1156 2433 realem,
1173 2363 1204 2418 et
1223 2378 1295 2418 con-

193 2469 370 2532 stitutivum
392 2467 537 2552 potentiae
560 2468 729 2533 secundum
751 2467 851 2532 ideam
873 2489 939 2530 esse
961 2466 1218 2552 potentialitatem
1249 2490 1294 2530 se·

192 2580 328 2645 cundum
347 2579 458 2645 ideam.
505 2579 610 2656 Quum
626 2602 696 2643 vero
716 2579 879 2664 intelligat,
895 2602 1003 2663 puram
1025 2578 1194 2663 potentiam
1209 2579 1248 2643 de
1263 2603 1295 2642 se

191 2715 292 2756 carere
303 2691 389 2756 omni
399 2691 547 2771 realitate,
559 2691 764 2776 quianullum
775 2692 868 2755 habet
880 2701 982 2755 actum
994 2691 1115 2771 realem,
1126 2691 1293 2771 concludit,

192 2825 300 2889 puram
311 2803 481 2888 potentiam
496 2825 560 2867 non
575 2826 641 2868 esse
655 2803 715 2867 nisi
731 2813 913 2889 conceptum
929 2803 1121 2889 privativum,
1134 2804 1184 2868 cni
1198 2803 1231 2867 in
1247 2827 1293 2868 re·

192 2936 262 2982 rum
271 2923 381 2980 natura
396 2914 475 2979 nihil
489 2915 672 3000 respondere
682 2924 793 3000 potest,
805 2924 837 2980 et
846 2925 1142 3000 consequenteream
1155 2939 1217 2979 non
1227 2939 1292 2980 esse

191 3025 360 3112 potentiam
382 3025 415 3089 in
437 3033 588 3106 concreto,
612 3027 665 3090 sed
688 3033 811 3090 tantum
836 3026 869 3090 in
891 3026 1094 3091 abstractione
1116 3027 1238 3106 mentis,
1261 3035 1293 3091 et

112 3206 114 3210 f
191 3138 260 3203 ideo
278 3160 343 3202 csse
360 3138 510 3202 rationem
531 3136 630 3222 ipsam
652 3137 885 3222 potentialitatis
907 3161 925 3201 a
947 3137 1035 3202 nobis
1057 3147 1240 3223 perceptam,
1257 3148 1292 3202 ut

191 3250 360 3334 separatam
377 3270 432 3332 per
451 3256 586 3312 mentem
605 3271 622 3311 a
642 3249 780 3333 potentia
799 3249 883 3328 reali,
904 3256 935 3312 et
955 3259 991 3312 ut
1013 3249 1142 3334 formam
1166 3249 1291 3314 dantem

190 3382 249 3424 noo
273 3362 335 3424 enti
357 3381 422 3423 esse
447 3357 637 3444 inpotentia
659 3360 697 3423 ad
717 3360 891 3424 essendum.
936 3361 977 3424 Et
1005 3383 1041 3423 ex
1060 3360 1118 3424 hoc
1152 3371 1288 3445 apparet,

189 3470 321 3534 nihilum
351 3469 529 3553 negativum
558 3491 624 3533 esse
653 3472 740 3556 quasi
770 3470 950 3548 subiectum,
975 3478 1006 3533 et
1035 3471 1289 3554 potentialitatem

189 3581 339 3647 existendi
352 3581 386 3645 in
402 3579 473 3646 actu
488 3580 612 3644 alterius
627 3603 692 3646 esse
704 3582 863 3661 rationem,
876 3581 933 3646 sub
946 3605 1008 3667 qua
1022 3582 1195 3668 attingitur,
1207 3584 1290 3668 quod

188 3713 284 3778 supra
296 3692 455 3757 innuimus
470 3704 514 3755 n⁰.
531 3693 585 3772 23,
601 3695 653 3756 24.

230 3805 284 3870 28.
309 3802 465 3881 Quaeritur
478 3803 599 3889 quinto,
614 3811 713 3866 utrum
727 3806 852 3866 materia
862 3804 973 3887 primo,
989 3813 1023 3868 ut
1032 3806 1144 3888 prima,
1159 3808 1200 3868 sit
1214 3807 1290 3869 idem

187 3937 223 3982 ac
237 3917 361 3980 materia
369 3914 531 3998 possibilis,
548 3919 601 3978 cut
609 3915 794 3997 possibilitas
808 3917 947 3978 materia.

231 4027 413 4114 Respondeo
436 4026 586 4110 negative.
633 4025 770 4102 Quaestio
792 4026 876 4091 enim
897 4027 1035 4110 procedit
1056 4028 1191 4112 perinde
1204 4052 1239 4093 ac
1262 4031 1288 4094 si

187 4149 373 4229 quaereretur
395 4146 501 4202 utrum
523 4145 663 4201 centrum
687 4136 726 4199 sit
748 4136 935 4220 possibilitas
953 4137 1087 4222 sphaerae,
1104 4149 1157 4202 aut
1175 4140 1287 4204 animal
1314 4154 1317 4160 '

186 4254 227 4318 sit
256 4250 442 4337 possibilitas
470 4247 615 4313 hominis.
661 4249 754 4327 Nam,
780 4258 816 4312 ut
847 4271 925 4332 saepe
951 4249 1134 4327 notavimus,
1161 4253 1288 4316 materia

186 4365 287 4450 prima
300 4370 347 4428 est
361 4385 420 4426 non
439 4383 490 4426 cras
511 4368 680 4424 connotaus
702 4358 906 4424 exclusionem
925 4367 1021 4424 actus.
1067 4360 1128 4424 Sed
1148 4385 1209 4426 non
1233 4387 1288 4428 ens

1060 4492 1077 4533 c
1093 4473 1114 4534 2
