3200 4984
293 359 314 422 6
724 381 768 424 na
784 379 971 424 uniuersus
1263 358 1352 443 [cnr.
1369 378 1394 421 1.

339 547 390 610 10.
413 544 570 623 Quaeritur
589 554 708 631 quarto,
723 555 823 612 utrum
836 549 1018 632 prineprium
1037 547 1165 611 eumen
1178 553 1208 610 et
1216 547 1397 630 ριΐιιοίρίιιηι

287 657 439 742 pessimun
451 660 512 722 sint
526 680 616 722 unum
630 681 680 722 ena
690 660 778 723 reale.

337 769 519 855 Respondes
533 770 721 836 affirmative.
764 769 807 834 Et
821 777 907 855 petet
921 791 959 834 ex
972 769 1071 834 dictis.
1116 770 1198 834 Nam
1210 768 1397 854 principium

293 881 427 946 activum
454 880 633 946 substantiae
659 881 824 947 materialis
848 899 913 947 non
938 889 985 946 est
1011 881 1199 967 completum
1221 880 1254 944 in
1278 881 1398 945 ratione

296 991 438 1077 principii
456 991 641 1072 locomotivi,
656 993 716 1058 nisi
738 1014 793 1077 per
814 993 873 1058 boc
895 993 980 1078 quod
1000 992 1111 1057 habeat
1133 1000 1292 1071 centrum,
1314 992 1398 1078 quod

296 1102 488 1167 ostendimus
517 1123 583 1169 esse
611 1103 714 1189 ipsum
740 1104 927 1191 principium
948 1104 1115 1190 passivum.
1166 1104 1251 1189 Ergo
1273 1102 1300 1168 si
1321 1127 1399 1189 prae·

295 1213 453 1280 scindatur
481 1216 607 1281 omnino
632 1237 650 1282 a
678 1217 831 1302 principio
858 1217 988 1302 passivo,
1010 1215 1096 1282 nullo
1118 1217 1211 1282 modo
1235 1215 1398 1281 habebitur

296 1327 481 1412 principium
497 1327 821 1407 locomotivumreale,
838 1328 892 1394 sed
905 1327 1071 1393 habebitur
1090 1336 1213 1392 tantum
1233 1335 1399 1412 conceptus

295 1438 507 1524 inadequatus
525 1447 555 1504 et
578 1439 753 1526 precisivus
775 1438 933 1505 eiusdem:
957 1439 1036 1504 sicut
1056 1438 1175 1524 sphera
1194 1438 1284 1502 realis
1305 1436 1399 1502 habet

296 1550 418 1618 realiter
443 1560 594 1631 centrum,
609 1550 692 1637 quod
716 1551 785 1616 tolli
806 1552 915 1636 nequit
936 1550 976 1616 ab
997 1573 1050 1630 ea3
1081 1558 1112 1615 et
1135 1550 1161 1615 si
1185 1572 1240 1636 per
1263 1558 1399 1614 mentem

295 1661 433 1742 tollatur,
449 1670 485 1728 nt
500 1662 539 1727 de
554 1662 618 1728 sola
632 1663 791 1748 superficie
806 1661 953 1748 sphaerica
969 1661 1118 1726 habeatur
1134 1661 1222 1739 rano,
1237 1660 1400 1726 habebitur

294 1781 460 1859 conceptus
474 1775 649 1860 praecisivus
663 1795 725 1839 non
741 1773 932 1859 respondens
951 1774 1084 1839 realitati
1100 1773 1160 1838 nisi
1177 1773 1353 1859 imperfecte
1367 1782 1400 1839 et

294 1884 497 1972 inadequate.
536 1885 684 1951 Similiter
694 1896 726 1951 et
741 1887 925 1972 principium
941 1887 1095 1971 passivum
1107 1886 1145 1952 de
1157 1908 1189 1950 se
1200 1908 1263 1950 non
1274 1888 1322 1950 est
1332 1909 1398 1966 ens,

294 2017 391 2081 quum
407 1997 447 2060 sit
462 2019 539 2081 pura
553 1999 692 2082 potentia
711 1999 872 2083 receptiva,
887 2020 956 2084 qnae
970 1998 1140 2063 nonhabet
1160 2021 1196 2062 ex
1215 2021 1248 2063 se
1267 1998 1399 2084 aliquem
1434 1981 1436 1985 ¹

296 2115 411 2174 aetum.
455 2107 582 2193 indiget
596 2129 669 2193 ergo
684 2132 783 2175 unum
798 2110 837 2174 ab
851 2111 947 2175 altero
958 2110 1161 2195 complerint
1174 2112 1271 2195 possit
1285 2133 1352 2175 ease
1365 2111 1399 2174 in

299 2219 399 2304 gradu
419 2220 500 2284 entis
516 2218 607 2284 realis
615 2246 625 2299 ;
649 2243 722 2305 crgo
742 2231 910 2307 utrumque
929 2222 1114 2306 principium
1133 2222 1297 2307 principiat
1315 2221 1398 2286 idem

294 2351 349 2394 ens
363 2329 452 2410 reale,
468 2329 501 2394 in
519 2352 581 2417 quo
596 2338 762 2417 utrumque
781 2332 950 2397 imbibitur.
996 2333 1156 2412 Praetcrea,
1172 2333 1226 2397 ubi
1245 2334 1337 2398 unica
1351 2342 1399 2398 est

295 2441 456 2506 existentia
469 2441 569 2521 realis,
585 2441 629 2506 ibi
644 2442 770 2527 unicum
785 2452 833 2508 cst
848 2465 902 2508 ens
913 2442 1012 2523 reale,
1035 2444 1122 2528 atqui
1135 2444 1171 2507 in.
1183 2444 1353 2528 composito
1362 2466 1400 2508 ex

295 2553 416 2618 duobus
441 2553 490 2618 his
514 2553 673 2639 principiis
699 2555 791 2620 unica
807 2563 863 2618 'est
885 2555 1056 2618 existentia.
1099 2554 1193 2638 Ergo.
1237 2554 1279 2618 Et
1300 2556 1400 2620 minor

294 2671 379 2748 patet
387 2689 398 2742 3
420 2663 493 2748 quia
506 2663 691 2748 principium
706 2664 862 2748 passivum
874 2665 980 2750 nequit
995 2665 1122 2730 existere
1136 2687 1191 2752 per
1205 2665 1398 2731 existentiam
1450 2694 1454 2702 ·

293 2774 458 2858 propriam,
474 2797 569 2859 quum
585 2775 748 2860 principiet
760 2774 818 2840 sub
827 2777 945 2841 ratione
956 2778 1090 2843 termini.
1119 2778 1282 2842 Terminus
1296 2786 1400 2842 autem

294 2884 403 2970 nequit
411 2883 522 2949 habere
531 2885 721 2950 existentiam
731 2887 896 2972 propriam,
908 2887 962 2952 sed
973 2888 1075 2952 existit
1085 2897 1208 2953 tantum
1219 2890 1399 2970 extrinsece,

296 3017 351 3058 seu
365 3016 420 3079 per
434 2994 625 3060 existentiam
640 2996 715 3075 eius,
731 2997 819 3061 cuius
833 3007 880 3063 est
894 3000 1054 3065 terminus.
1100 2999 1183 3076 Quia
1196 3023 1269 3085 ergo
1286 3001 1399 3087 princi-

295 3106 383 3190 pium
394 3105 452 3169 hoc
463 3106 616 3190 passivum
629 3117 676 3171 est
684 3109 846 3190 terminus,
857 3133 893 3174 ex
909 3132 970 3195 quo
984 3111 1049 3196 agit
1057 3111 1244 3197 principium
1255 3113 1398 3192 activum,

295 3215 365 3280 ideo
386 3239 451 3280 non
472 3216 574 3280 existit
596 3217 656 3282 nisi
678 3241 733 3302 per
754 3220 892 3284 eiusdem
914 3221 1117 3287 existentiam.
1162 3224 1304 3289 Iifficitur
1324 3247 1400 3309 crgo

297 3350 396 3392 unum
421 3349 477 3391 ens
505 3327 592 3392 reale.
639 3330 788 3395 Praeterea
811 3332 839 3394 si
859 3332 928 3412 ,haec
951 3333 1013 3397 duo
1034 3335 1183 3420 principia
1205 3345 1308 3400 essent
1336 3335 1400 3401 duo

297 3439 380 3504 entia
394 3438 495 3518 realia,
512 3461 572 3503 non
589 3449 715 3524 possent
730 3465 795 3506 esse
810 3465 911 3528 neque
929 3444 998 3510 dun
1015 3446 1204 3526 substantie,
1220 3468 1320 3532 neque
1336 3447 1400 3512 duo

298 3550 473 3629 accidentia,
489 3573 589 3636 neque
604 3552 778 3618 substantia
797 3563 829 3618 et
847 3555 997 3620 accidens.
1042 3558 1115 3622 Non
1126 3558 1195 3623 duae
1209 3559 1400 3640 substantiae,

298 3671 334 3726 ut
348 3670 443 3746 patet,
455 3661 528 3746 quia
538 3671 585 3728 est
596 3671 701 3728 contra
712 3675 895 3751 conceptum
907 3668 1086 3734 substantiae
1100 3680 1136 3734 ut
1150 3692 1213 3735 una
1227 3670 1301 3736 insit
1311 3672 1400 3738 alteri

297 3773 477 3838 necessitate
491 3773 657 3840 intrinseca
670 3786 789 3842 naturae
803 3799 876 3858 suu,
892 3781 975 3864 quod
989 3790 1093 3846 tamen
1112 3782 1161 3846 his
1179 3782 1299 3848 dnobus
1313 3784 1399 3870 prin·

295 3886 382 3972 cipiis
402 3887 548 3970 competit
568 3909 606 3951 ex
628 3889 820 3972 supradictis.
866 3891 939 3956 Non
962 3892 1023 3957 duo
1045 3894 1221 3975 accidentia,
1237 3895 1310 3981 quia
1325 3904 1399 3961 tnnc

297 3997 469 4062 substantia
489 3997 653 4062 materialis
671 3999 835 4066 intrinsece
854 4013 1007 4068 constaret
1026 4026 1063 4068 ex
1081 4005 1300 4088 accidentibus,
1316 4009 1400 4093 quod

296 4119 459 4193 repugnat.
515 4107 588 4171 Non
618 4108 751 4195 denique
780 4112 953 4179 substantia
981 4123 1012 4180 et
1042 4117 1192 4198 accidens,
1222 4119 1295 4205 quia
1323 4131 1400 4185 tune

296 4219 419 4285 deberet
441 4219 496 4283 uni
516 4229 687 4305 competere
709 4223 787 4288 ratio
809 4224 999 4304 substantie,
1014 4227 1101 4292 alteri
1122 4230 1201 4294 ratio
1223 4231 1399 4297 accidentis.

295 4331 393 4418 Atqui
408 4353 464 4395 nec
478 4331 627 4416 principio
638 4333 759 4417 passivo
770 4356 827 4400 nec
838 4336 936 4403 activo
947 4339 1094 4423 competit
1105 4362 1171 4406 ease
1182 4341 1397 4422 substantiam,
