3200 4984
305 364 349 429 81.
622 387 665 429 os
682 386 882 429 suasraurrn
898 386 1078 431 corrosus.
1282 368 1367 451 [car.
1386 386 1411 429 1.

350 556 381 618 6.
407 554 468 619 His
488 554 597 639 positis
619 554 766 639 quaeritur
788 553 896 640 primo,
912 562 1011 619 atram
1031 556 1072 620 sit
1095 554 1196 638 aliqua
1211 556 1291 619 ratio
1306 576 1344 617 ec
1358 575 1412 617 ee·

300 667 450 750 pcrimtia
479 666 601 730 deducta
631 667 739 729 directe
765 688 881 729 meres
910 667 951 729 ad
977 667 1160 731 asserendam
1188 668 1413 731 continuitatem

306 780 541 842 mathematicam
555 778 899 861 interpretamenta.
1397 828 1399 835 ,

349 888 532 975 Respondeo
553 887 703 973 negative.
749 888 832 951 Nam
853 887 1005 973 quidquid
1026 888 1114 953 uobis
1143 896 1264 953 constat
1293 889 1411 973 experi-

307 1000 490 1080 mentaliter,
505 1007 624 1064 constat
643 998 732 1063 nobis
751 1022 806 1083 per
820 998 1035 1084 impressiones
1051 998 1209 1064 sensibiles
1224 992 1362 1086 receptas
1377 1000 1412 1063 in

306 1111 456 1176 sensibus.
501 1111 598 1197 Atqui
616 1110 831 1196 impressiones
852 1110 1010 1175 sensibiles
1023 1120 1182 1197 nequeunt
1197 1111 1311 1177 directe
1326 1134 1412 1175 reve·

304 1224 368 1288 lare
385 1222 618 1288 continuitatem
641 1222 888 1287 mathematicam
910 1223 990 1288 inter
1011 1232 1114 1308 partes
1136 1224 1280 1289 materiae.
1325 1224 1412 1308 Ergo

305 1334 414 1419 nequit
436 1334 524 1399 nobis
544 1342 683 1399 constare
701 1334 815 1399 directe
835 1356 889 1418 per
911 1334 1125 1419 experientiam
1149 1334 1187 1399 de
1207 1335 1414 1399 continuitate

304 1446 447 1511 materiae.
493 1446 595 1510 Maior
623 1453 706 1511 certa
734 1454 782 1509 est
811 1446 893 1530 apud
916 1468 1032 1510 omnes.
1078 1447 1185 1512 Minor
1208 1452 1313 1533 patet;
1337 1448 1413 1532 quia

303 1557 518 1643 impressiones
541 1557 699 1622 sensibiles
715 1579 778 1621 non
799 1566 883 1637 sunt,
898 1557 958 1622 nisi
977 1579 1074 1643 usque
1089 1558 1128 1622 ad
1143 1558 1252 1623 datum
1265 1558 1409 1623 limitem.

304 1671 378 1735 Non
395 1678 497 1755 potest
518 1690 592 1754 ergo
613 1670 757 1753 cognosci
772 1691 827 1753 per
840 1669 1072 1754 impressionem
1088 1668 1262 1735 sensibilem
1278 1669 1354 1755 quid
1370 1673 1411 1734 sit

303 1781 504 1867 post-datum
529 1779 660 1844 limitem
683 1780 850 1865 parvitatis.
896 1780 993 1865 Atqui
1017 1780 1126 1860 dicere,
1154 1782 1314 1845 materiam
1344 1804 1411 1845 esse

302 1892 517 1957 mathematice
537 1891 726 1972 continuam,
738 1898 786 1955 est
807 1891 906 1955 dicere
928 1891 1004 1976 quid
1026 1892 1066 1956 sit
1088 1892 1261 1978 pastillum
1276 1892 1409 1956 limitem

302 2004 471 2090 parvitatis.
529 2002 613 2087 llrgo
649 2001 863 2088 impressiones
900 2002 1057 2067 sensibiles
1086 2012 1247 2089 nequeunt
1275 2004 1410 2069 revelare

303 2116 418 2201 aliquid
446 2115 485 2180 de
513 2115 729 2179 mathematica
757 2114 962 2179 continuitate
990 2114 1134 2179 materiae.
1186 2115 1305 2200 Nequit
1334 2138 1409 2200 ergo

299 2226 487 2313 experientia
501 2225 613 2291 directe
629 2225 734 2289 testari
750 2224 787 2289 de
805 2223 1019 2289 mathematica
1038 2224 1242 2290 continuitate
1262 2228 1407 2291 materiae.

302 2338 395 2416 Quod
409 2337 491 2404 volui
505 2345 640 2423 repetere
657 2336 740 2420 (licet
754 2336 816 2399 iam
832 2336 906 2401 satis
920 2344 1037 2401 certum
1058 2358 1141 2401 exn.
1158 2340 1189 2401 2.
1205 2345 1237 2401 et
1251 2338 1296 2421 3.)
1313 2360 1408 2423 prop·

300 2460 348 2515 ter
362 2448 569 2515 incredibilem
585 2446 750 2534 quamdam
759 2446 1005 2531 praeiudiciorum
1014 2448 1086 2528 vim,
1098 2471 1160 2533 qua
1168 2448 1208 2513 ad
1219 2449 1408 2514 credendum

300 2561 451 2639 sensibus,
466 2559 558 2625 etiam
572 2560 606 2623 in
623 2560 672 2638 iis,
688 2558 726 2622 de
748 2557 861 2643 quibus
878 2581 940 2623 non
961 2567 1034 2623 sunt
1052 2567 1156 2639 testes,
1171 2560 1358 2626 inclinamur
1376 2572 1408 2627 et

299 2671 524 2757 quodammodo
539 2670 685 2756 rapimur.

344 2787 373 2848 7.
397 2783 555 2858 Quaeritur
577 2780 711 2845 secundo
733 2790 834 2845 atnam
859 2783 900 2845 ait
923 2783 1025 2866 aliqua
1047 2785 1126 2848 ratio
1146 2807 1184 2848 ec
1201 2787 1409 2869 esperimmtis

298 2895 429 2970 deducta,
459 2915 523 2975 qaae
550 2893 655 2956 saltem
684 2892 825 2956 indirecte
846 2892 952 2975 saaeat
976 2896 1187 2961 matitenmticoe
1213 2898 1409 2962 continuitati

297 3005 436 3068 materiae.

341 3113 523 3199 Respondeo
542 3114 692 3197 negative.
738 3114 820 3176 Nam
843 3114 963 3179 nullum
988 3124 1035 3179 est
1058 3117 1296 3201 phaeuomeuum
1320 3122 1406 3205 quod

296 3250 361 3291 non
383 3226 462 3291 bene
484 3224 661 3309 explicetur,
677 3225 770 3288 ctiam
795 3226 1026 3308 praescindendo
1046 3250 1064 3291 a
1084 3228 1254 3313 quaestione
1274 3230 1312 3294 de
1330 3252 1406 3295 con-

295 3337 440 3403 tinuitate
463 3336 676 3401 mathematica
697 3337 841 3400 materiae.
888 3337 972 3421 Ergo
993 3338 1079 3401 nulla
1101 3348 1147 3403 est
1170 3340 1248 3405 ratio
1270 3341 1406 3407 deducta

295 3448 333 3512 ab
356 3446 549 3533 experientia,
565 3468 633 3531 quae
654 3446 780 3511 inducat
802 3446 842 3509 ad
864 3446 1059 3512 tribuendam
1081 3451 1215 3515 materiae
1234 3452 1315 3517 hanc
1329 3476 1405 3519 con·

294 3558 483 3623 tinuitatem.
526 3557 568 3621 nt
590 3578 779 3642 consequens
801 3566 904 3642 patet3
928 3558 1013 3623 nulla
1036 3560 1119 3625 enim
1134 3571 1182 3627 est
1197 3564 1257 3629 alia
1271 3566 1351 3631 ratio
1366 3591 1404 3633 cx

293 3670 478 3755 experientia
514 3668 655 3745 deducta,
684 3667 744 3731 nisi
781 3670 946 3732 necessitas
983 3669 1152 3754 explicandi
1188 3676 1402 3761 phaenomena.

292 3781 487 3847 Antecedcns
502 3802 572 3844 vero
591 3787 711 3843 constat
732 3801 769 3843 ex
787 3800 823 3842 eo
838 3780 921 3863 quod
935 3780 1055 3866 physici
1069 3784 1275 3867 praescindant
1290 3788 1330 3851 ab
1345 3790 1404 3855 hac

292 3893 503 3980 philosophica
516 3891 695 3977 quaestione,
705 3898 736 3953 et
751 3897 854 3953 tamen
871 3890 997 3954 omnino
1012 3891 1235 3960 rationabiliter
1249 3898 1404 3984 explicent

291 4007 502 4092 phaenomena.
547 4003 679 4085 Insuper
701 4000 903 4085 phaenomena
927 4010 1000 4063 sunt
1023 4002 1103 4066 facta
1126 4004 1294 4086 sensibilia,
1313 4018 1345 4073 et
1370 4010 1402 4075 in

291 4126 413 4183 tantum
443 4122 597 4177 testantur
626 4110 752 4195 aliquid,
778 4110 812 4173 in
841 4119 992 4195 quantum
1017 4113 1204 4179 sentiuntur.
1252 4118 1313 4183 Sed
1337 4144 1403 4187 non

291 4227 478 4303 sentiuntur,
494 4224 554 4287 nisi
581 4246 677 4307 usque
702 4222 744 4285 ad
767 4221 874 4286 datum
899 4221 1039 4302 limitem,
1055 4233 1091 4288 ut
1117 4238 1239 4294 constat
1262 4254 1302 4294 ex
1320 4255 1403 4318 prae-

291 4337 399 4402 dictis:
415 4334 602 4400 continuitas
611 4355 681 4397 vero
694 4331 908 4398 mathematica
918 4337 1144 4419 transgreditur
1154 4339 1241 4405 illum
1256 4342 1400 4409 limitem.
