3200 4984
291 380 357 445 314
661 404 703 447 nn
720 404 840 447 rnrnus
856 405 1048 449 conrrnurs.
1238 388 1325 472 [cnr.
1343 410 1401 455 ιη.

294 569 468 647 intrinsece,
484 570 710 634 accidentaliter
728 581 841 652 tomen,
862 594 925 635 non
945 572 1047 658 quoad
1063 573 1268 640 substantiam
1282 578 1342 642 rei:
1366 578 1400 641 in

295 692 446 767 qnantum
461 706 531 751 vero
546 684 620 748 dicit
635 684 824 749 tendentium
839 684 879 749 ad
893 686 1119 766 rectitudinem,
1138 711 1201 752 non
1222 692 1334 757 mutari
1349 692 1398 755 in-

294 794 432 873 trinsece,
449 795 501 859 sed
516 804 638 860 tantum
653 818 707 881 per
721 796 978 881 comparutionem
993 797 1032 861 ad
1047 798 1226 863 extrinsece.

338 906 447 972 Obiter
461 917 564 972 autem
578 917 712 988 notetur,
728 931 826 973 unum
842 910 881 973 de
896 909 1016 975 duobus
1031 932 1121 995 posse
1136 913 1269 997 recipere
1278 914 1398 978 modifi-

294 1019 455 1099 cationem,
478 1020 554 1105 quin
576 1020 706 1084 alterum
731 1020 941 1085 modificetnrt
965 1022 1099 1105 primum
1122 1022 1221 1089 solnm
1244 1025 1397 1089 modifica-

294 1131 387 1210 bitur,
406 1132 435 1196 si
458 1131 608 1216 impulsus
634 1132 734 1195 veniet
758 1154 775 1195 a
801 1141 916 1217 puncto
942 1133 1001 1196 sito
1024 1134 1058 1196 in
1073 1134 1250 1199 directione
1275 1146 1396 1201 motus:

293 1243 463 1310 secundum
486 1244 595 1322 solnm,
612 1244 637 1308 si
652 1244 805 1329 impulsus
820 1267 857 1309 ex
874 1245 999 1329 obliquo
1021 1245 1184 1314 adveniens
1206 1270 1269 1312 non
1288 1249 1396 1314 alteret

294 1357 500 1422 velocitatem:
524 1356 606 1441 qnod
621 1356 685 1420 fieri
700 1364 862 1441 potest,.ut
876 1357 1029 1441 explicant
1040 1359 1208 1424 mechanici
1222 1362 1343 1444 agendo
1357 1362 1396 1425 dc

294 1477 382 1533 motu
396 1466 534 1532 circulari
547 1488 584 1530 ex
600 1466 714 1531 viribus
729 1468 925 1534 centralibus.

338 1583 389 1644 81.
415 1578 571 1656 Qnaeritur
586 1588 680 1658 sexto,
698 1581 770 1663 quid
782 1582 823 1644 sit
837 1589 867 1645 et
877 1604 916 1648 aa
930 1584 971 1645 eit
984 1592 1080 1647 motus
1093 1586 1259 1667 uniformis.

338 1692 528 1777 Respondeo,
544 1700 662 1755 motum
672 1692 866 1771 uniformem,
878 1701 914 1756 nt
924 1702 1011 1777 petet
1021 1695 1222 1775 cuvocabulo,
1236 1719 1300 1760 esse
1311 1720 1395 1777 eum,

293 1805 381 1869 euius
395 1804 485 1868 unica
500 1812 545 1867 est
560 1804 676 1868 forme:
700 1812 730 1867 et
745 1804 818 1889 quie
832 1803 930 1868 forma
941 1814 1043 1869 motus
1051 1805 1155 1870 loculis
1170 1816 1217 1871 est
1232 1808 1299 1871 eins
1313 1808 1395 1872 velo-

293 1918 379 1996 citas,
394 1916 462 1980 ideo
477 1922 579 1979 motus
593 1915 755 1979 uniformis
769 1925 816 1981 est
831 1915 892 1995 ille,
904 1916 936 1980 in
947 1939 1008 2002 quo
1017 1917 1130 1983 mobile
1145 1928 1243 1983 servat
1254 1920 1393 1984 eamdem

293 2028 491 2092 velocitatem.
537 2028 603 2106 Vel,
620 2028 645 2093 si
659 2028 801 2093 volumus
816 2027 901 2113 loqui
916 2030 1001 2095 iuxta
1019 2030 1264 2115 terminologiam
1283 2054 1393 2117 praece·

293 2140 426 2219 dentem,
442 2148 544 2204 motus
559 2140 720 2204 uniformis
734 2149 781 2205 est
801 2149 887 2205 nctus
907 2142 1059 2206 secundus
1076 2142 1159 2207 illius
1174 2143 1340 2208 tendentiae
1353 2143 1393 2207 ad

292 2253 518 2319 extendendum
541 2275 573 2317 se
595 2252 806 2319 uniformiter:
835 2254 1012 2337 praescindit
1034 2262 1137 2319 tamen
1158 2278 1178 2318 a
1199 2246 1392 2335 rectitudine,

292 2389 361 2452 quae
375 2388 431 2430 nec
445 2372 493 2429 est
510 2364 547 2429 de
567 2363 699 2429 essentie
715 2372 818 2429 motus
837 2365 1009 2446 uniformis,
1027 2388 1094 2446 nec,
1115 2366 1141 2429 si
1155 2366 1245 2446 adsit,
1261 2368 1390 2433 sufficiet

292 2479 466 2543 admotum
481 2476 675 2555 uniformem,
691 2486 727 2540 ut
742 2500 778 2539 ex
793 2477 883 2543 dictis
897 2486 991 2563 patet.

335 2592 385 2655 An
400 2612 470 2655 vero
485 2589 594 2654 existet
607 2588 641 2651 in
656 2597 765 2653 nature
783 2612 885 2653 rernm
906 2598 1008 2653 motus
1028 2589 1200 2670 uniformis,
1222 2589 1294 2656 licet
1308 2612 1392 2654 com-

292 2702 426 2769 muniter
449 2700 590 2765 offirmari
614 2700 719 2779 soleat,
742 2702 871 2786 qneestio
892 2711 939 2765 est
960 2702 1048 2784 valde
1069 2702 1172 2768 dubia
1216 2702 1392 2767 Fatendum

291 2814 415 2900 quidem
430 2824 476 2877 est
491 2812 627 2889 omniuo,
650 2822 752 2875 motus
774 2814 816 2878 od
833 2836 948 2877 sermm
968 2816 1128 2896 uniformes
1149 2814 1298 2899 plurimos
1316 2815 1390 2895 fleri,

290 2925 459 3011 praesertim
480 2924 513 2987 in
535 2923 775 2988 revolutionibus
798 2923 916 2988 diurnis
938 2947 1100 3009 corporum
1114 2926 1304 2991 coelestium:
1327 2926 1409 3004 sed,

292 3038 318 3100 si
332 3044 441 3120 egetur
455 3035 494 3099 de
508 3034 643 3118 rigorose
662 3043 693 3098 et
711 3034 851 3099 absolute
870 3036 1090 3116 uniformitate,
1106 3037 1291 3101 contrarium
1307 3037 1391 3101 vide·

290 3158 342 3215 tur
356 3170 421 3211 esse
436 3145 610 3210 dicendum.
654 3146 736 3209 Nam
746 3146 785 3210 ad
796 3147 975 3212 variandum
991 3155 1107 3212 motum
1122 3148 1243 3228 suffieit,
1256 3149 1283 3212 si
1292 3172 1389 3213 unum

290 3260 413 3346 aliquod
434 3282 528 3344 egens
549 3260 705 3345 imprimat
726 3260 833 3325 mobili
854 3262 980 3325 unicum
1002 3262 1133 3345 gradum
1155 3262 1323 3327 velocitatis
1342 3262 1390 3326 vel

290 3372 471 3438 minimum:
493 3380 526 3437 at
539 3370 699 3435 innumera
717 3381 790 3435 sunt
812 3373 846 3436 in
867 3373 983 3437 mundo
1003 3374 1136 3457 agentia,
1151 3383 1183 3437 et
1198 3375 1321 3459 quidem
1336 3398 1390 3438 ne·
1459 3398 1465 3406 ·

289 3486 426 3563 cessaria,
449 3507 568 3569 semper
589 3484 795 3568 imprimentia
816 3507 910 3548 novos
932 3494 964 3549 et
985 3507 1080 3549 novos
1094 3486 1208 3570 gredus
1222 3485 1390 3550 velocitatis

290 3596 420 3682 cingulis
435 3596 617 3675 mobilibus,
640 3595 694 3681 qui
709 3596 800 3660 etiem
822 3596 936 3680 gradus
951 3598 1107 3662 veriuntur
1121 3606 1246 3681 propter
1261 3598 1390 3675 motum,¹

288 3732 349 3797 qno
364 3710 430 3795 ipsa
445 3708 566 3794 egentia
580 3716 702 3772 mutent
712 3708 888 3772 distantiam
903 3732 921 3772 o
935 3708 1042 3793 passis.
1072 3708 1130 3772 Vel
1141 3731 1214 3792 ergo
1225 3709 1388 3777 dicendum

289 3836 345 3906 est,
360 3828 426 3891 fieri
440 3849 528 3911 posse
546 3824 748 3909 aequilibrium
771 3825 853 3889 inter
874 3847 980 3889 omncs
1002 3847 1114 3889 eorum·
1130 3826 1265 3889 actiones
1288 3826 1332 3889 itu
1353 3837 1390 3889 nt

289 3939 440 4004 resultans
455 3937 604 4022 generalis
618 3937 672 4000 fiat
687 3936 772 4001 nulla
795 3959 851 4021 pro
873 3936 976 4021 aliquo
992 3936 1101 4001 saltem
1116 3945 1263 4021 tempore,
1279 3936 1326 3999 vel
1341 3936 1389 3999 di-'

288 4051 419 4117 cendum
434 4059 490 4129 est,
512 4048 634 4113 nullum
654 4048 782 4112 existere
802 4049 835 4111 in
855 4058 966 4112 natura
985 4057 1105 4112 motum
1124 4048 1260 4132 rigorose
1274 4048 1388 4111 unifor-

289 4186 379 4227 mem.
426 4160 486 4225 Sed
507 4161 572 4224 fieri
590 4160 793 4245 aequilibrium
811 4160 893 4223 inter
907 4182 1014 4223 omnes
1036 4159 1104 4224 illas
1119 4161 1253 4225 actiones
1268 4160 1389 4225 videtur

287 4273 484 4360 impossibile,
500 4295 595 4357 quum
610 4280 713 4335 motus
728 4272 920 4357 singulorum
936 4272 1094 4356 egentium
1109 4294 1172 4336 non
1188 4272 1268 4337 sinet
1283 4272 1386 4337 condi·

288 4386 388 4447 tiones
399 4382 558 4467 aequilibrii
570 4404 702 4461 manere,
712 4384 1067 4450 etiamsivcrificarcntur
1077 4406 1134 4469 pro
1146 4385 1247 4470 aliquo
1259 4384 1387 4449 instanti
