3200 4984
287 368 346 430 l02
609 386 651 429 aa
669 384 875 429 soasrsnrra
893 386 1075 430 conrnune.
1257 365 1342 450 [car.
1361 384 1386 428 1.

282 547 372 613 idest
383 558 474 635 prout
489 548 626 634 procedit
641 548 680 614 ab
691 558 884 633 agente,non
897 546 1109 633 complectitur
1119 556 1247 613 conatus
1258 547 1388 611 motivas

282 660 391 725 reales.
407 661 573 725 efficientes
601 660 759 727 formalem
789 660 1033 725 multitudinem.
1089 658 1170 724 Nam
1198 656 1232 722 lii
1260 666 1389 723 conatus

284 772 389 837 motivi
404 771 509 851 reales,
525 774 579 857 qui
594 771 633 836 ob
653 772 831 837 relationem
851 771 1051 837 extrinsecam
1069 771 1214 836 dicuntur
1223 772 1336 855 plures,
1352 779 1389 833 ut

285 884 501 967 proveniunta
520 884 549 947 vi
570 894 681 968 agente
701 905 762 947 uon
781 892 856 948 sunt
873 883 934 947 uisi
951 905 1032 948 unus
1053 891 1181 947 conatus
1195 904 1388 967 permanens,

256 1040 261 1054 .
285 993 339 1079 qui
354 992 391 1058 de
411 1016 444 1058 se
463 994 564 1059 nullas
584 994 677 1058 habet
699 1004 801 1078 partes
823 993 975 1071 formales,
997 993 1050 1057 scd
1070 992 1138 1058 ideo
1157 992 1255 1057 solum
1273 1001 1321 1056 est
1342 992 1390 1057 di·

285 1105 475 1190 stinguibilis
488 1106 520 1169 in
536 1106 639 1191 plures
654 1117 791 1184 conatus,
807 1105 878 1191 quia
898 1104 1028 1175 refertur
1048 1104 1215 1169 extrinsece
1231 1104 1271 1168 ad
1285 1103 1391 1168 condi-

286 1218 385 1281 tiones
401 1215 570 1297 distinctas,
586 1219 619 1281 in
634 1216 747 1303 quibus
762 1218 828 1281 eius
843 1218 968 1281 effectus
983 1216 1128 1301 recipitur
1142 1216 1176 1280 in
1190 1215 1308 1280 mobili.
1348 1216 1392 1278 Et

287 1351 360 1392 sane
374 1327 414 1392 ad
435 1327 611 1393 habendum
635 1327 817 1392 continuum
839 1327 1043 1391 successivum
1064 1326 1233 1392 necessaria
1251 1336 1298 1389 est
1318 1348 1392 1391 con·

283 1439 431 1504 ‚sideratio
454 1449 566 1517 motus,
590 1461 686 1524 quum
709 1447 836 1503 amatu
859 1439 1025 1523 accipiatur
1045 1448 1178 1523 tempus.
1223 1439 1266 1502 At
1287 1447 1392 1500 motus

288 1551 488 1638 consequitur
502 1552 663 1629 actionem,
678 1561 709 1613 et
724 1571 787 1614 non
804 1558 849 1613 est
865 1549 899 1614 iu
913 1548 1032 1633 agente,
1049 1549 1150 1613 sedin
1165 1572 1264 1635 passo.
1308 1549 1393 1633 Ergo

289 1663 356 1749 ipsa
369 1662 449 1727 actio
463 1662 495 1726 in
511 1684 543 1726 se
559 1671 683 1747 sumpta
705 1662 857 1727 antecedit
877 1672 996 1725 motum
1016 1670 1047 1725 et
1063 1672 1202 1746 tempus:
1225 1670 1255 1726 et
1271 1662 1315 1725 sic
1328 1682 1393 1725 non

282 1774 382 1838 ,habet
402 1774 600 1837 intrinsecam
619 1773 853 1838 continuitatem
877 1774 1086 1838 successivam.
1132 1774 1233 1854 Unde,
1254 1774 1281 1837 si
1294 1775 1395 1857 finga-

290 1908 361 1949 mus
374 1908 488 1964 casum,
504 1887 536 1949 in
552 1908 614 1970 quo
629 1885 708 1950 actio
722 1886 845 1950 nullum
861 1896 977 1950 motum
997 1886 1156 1970 producat,
1171 1893 1208 1951 ut
1219 1887 1248 1949 si
1264 1886 1332 1951 duae
1346 1885 1395 1950 vel

222 1994 230 2013 '
290 1996 393 2081 plures
404 1984 481 2060 vires
490 2005 616 2080 agentes
627 1998 660 2060 in
674 2004 825 2081 punctum
838 2020 870 2061 se
884 1996 1076 2082 aequilibrent
1086 1998 1177 2063 modo
1192 1999 1394 2083 permanenti,

210 2150 213 2155 -
285 2131 394 2172 earum
419 2106 498 2172 actio
520 2118 599 2172 esset
624 2130 819 2193 permanens,
846 2109 899 2172 sed
924 2131 986 2172 non
1010 2117 1089 2173 esset
1114 2109 1147 2173 in
1173 2130 1205 2172 se
1227 2108 1395 2172 formaliter

292 2221 447 2299 continua,
460 2243 496 2284 ex
507 2243 543 2285 eo
551 2219 635 2305 quod
646 2241 711 2283 non
720 2220 900 2303 produceret
912 2230 1032 2283 motum
1044 2220 1186 2305 aliquem,
1202 2240 1264 2305 quo
1276 2219 1396 2284 duratio

292 2333 459 2397 formaliter
482 2334 650 2397 successiva
672 2332 905 2396 extenderetur:
928 2331 1177 2396 denominaretur
1197 2341 1300 2395 tamen
1323 2354 1395 2396 con-

292 2441 381 2508 tinua
396 2445 434 2508 ab
449 2444 627 2524 extrinseco,
643 2442 676 2507 id
691 2452 737 2507 eat
752 2452 788 2507 ut
804 2452 978 2528 comparata
989 2442 1028 2507 ad
1044 2443 1219 2509 durationes
1230 2443 1397 2508 formaliter

294 2556 476 2621 successivas
485 2554 614 2621 aliorum
627 2565 779 2620 motuum.
811 2554 913 2631 Quare
925 2556 1003 2619 actio
1017 2577 1200 2639 permanens
1209 2578 1273 2619 nou
1285 2555 1398 2620 dicitur

294 2670 441 2734 continua
465 2668 526 2732 nisi
549 2667 587 2731 ab
611 2667 791 2746 extrinseco,
817 2677 849 2731 et
876 2667 1110 2744 denominative,
1135 2690 1171 2731 ex
1195 2668 1397 2733 continuitate

294 2787 447 2858 motuum,
466 2800 530 2842 non
553 2786 655 2842 autem
673 2778 792 2843 ratione
815 2778 872 2859 sui,
891 2790 926 2843 ut
949 2778 1085 2862 procedit
1104 2778 1143 2843 ab
1161 2789 1280 2863 agente.
1327 2780 1396 2859 Sed,

296 2890 415 2955 etiamsi
438 2890 518 2953 hanc
543 2888 817 2953 considerationem
841 2867 1078 2975 negligeremus,
1105 2890 1206 2955 adhuc
1230 2899 1333 2955 tamen
1359 2890 1399 2955 ad

292 3001 506 3066 difficultatem
529 3000 706 3065 solvendam
728 3001 840 3066 sufficit
861 3001 951 3066 nobis
974 3001 1058 3086 quod
1074 3002 1154 3066 actio
1171 3002 1235 3067 haec
1254 3004 1399 3067 continua

296 3136 357 3177 non
374 3111 483 3176 existat
498 3111 557 3174 nisi
572 3111 750 3176 successive.
794 3111 877 3176 Nam
893 3136 929 3177 ex
943 3113 1001 3177 hoc
1017 3112 1165 3197 sequitur,
1179 3114 1257 3178 nihil
1271 3116 1337 3179 eius
1352 3138 1399 3179 rc-

296 3225 384 3290 aliter
398 3232 470 3312 actu
484 3222 620 3302 existere,
639 3223 701 3287 nisi
720 3232 823 3288 actum
844 3226 1094 3304 instantaneum3
1117 3233 1147 3289 et
1163 3225 1206 3290 sic
1220 3227 1399 3311 compositio

297 3336 426 3401 actionis
450 3333 603 3400 continuae
626 3356 663 3398 ex
691 3335 812 3399 actibus
836 3334 1039 3399 instantaneis
1065 3357 1127 3399 non
1150 3345 1197 3401 est
1220 3338 1400 3422 compositio

297 3441 397 3526 realis,
412 3446 467 3511 sed
486 3433 614 3510 rationis
633 3445 852 3531 coniungentis
871 3468 917 3525 ea,
939 3468 1008 3531 quae
1031 3447 1158 3511 fuerunt
1176 3456 1207 3512 et
1229 3469 1292 3512 non
1315 3460 1397 3529 sunt,

298 3582 369 3624 cum
384 3580 421 3623 eo
435 3558 519 3644 quod
533 3566 583 3621 est
588 3582 599 3636 ;
621 3566 652 3621 et
672 3558 715 3622 sic
733 3558 873 3622 facientis
891 3559 1039 3623 resultare
1059 3558 1238 3624 continuum
1255 3562 1400 3626 successi-

298 3693 383 3751 vum,
397 3669 481 3756 quod
495 3668 711 3734 denominatur
724 3672 891 3749 realc,.non
906 3670 979 3755 quia
993 3679 1065 3736 actu
1079 3681 1136 3750 est,
1153 3672 1205 3736 sed
1219 3673 1291 3757 quia
1306 3674 1401 3737 reales

297 3784 425 3855 fuerunt
447 3781 580 3861 termini,
607 3781 762 3867 aquibus
787 3782 1013 3861 denominatur.
1066 3782 1159 3848 Unde
1183 3784 1276 3849 etiam
1303 3795 1399 3870 patet,

298 3896 449 3961 actionem
463 3916 527 3957 uon
541 3894 669 3958 existere
689 3892 722 3956 in
745 3914 847 3955 rerum
870 3893 1033 3956 natura'ut
1053 3893 1229 3958 continuam
1250 3904 1331 3987 actu,
1346 3898 1401 3961 sed

298 4018 335 4072 ut
356 4016 428 4072 actu
449 4005 694 4069 instantaneam:
717 4012 748 4068 et
767 4004 833 4067 eius
851 4004 1095 4085 continuitatem,
1114 4015 1208 4090 prout
1229 4008 1402 4093 concipitur

299 4119 448 4183 resultare
470 4138 507 4181 ex
532 4115 651 4180 actibus
676 4115 880 4180 instantaneis
905 4114 1046 4195 infinitis,
1070 4137 1133 4180 uon
1163 4140 1229 4183 esse
1252 4119 1401 4184 actualem

299 4230 433 4315 aliquam
449 4228 690 4293 multitudinem.
736 4225 827 4302 Quod
844 4225 870 4291 si
886 4226 964 4291 actio
979 4226 1092 4293 motiva
1111 4228 1259 4315 accipitur
1273 4230 1403 4315 insucto

300 4363 371 4420 cccc,
388 4364 446 4405 scu
457 4362 514 4424 pro
531 4349 601 4403 actu
624 4337 767 4417 secundo,
785 4338 840 4424 qui
860 4360 920 4403 non
942 4338 989 4403 est
1009 4340 1041 4404 in
1057 4350 1176 4425 agente,
1193 4343 1293 4407 sedin
1309 4352 1403 4424 moto,
