3200 4984
212 406 283 450 cnr.
300 388 371 470 nn]
574 408 616 451 un
632 408 751 452 rursus
767 408 957 453 courrnurs.
1246 392 1309 454 821

256 571 347 649 Quod
363 574 388 637 si
403 592 532 657 quaeras,
547 573 700 658 quomodo
714 573 780 637 fieri
794 574 901 658 possit,
916 583 952 637 ut
974 572 1142 639 multitudo
1163 573 1310 639 uhicatio·

212 706 298 762 num,
314 685 511 769 quantumvis
525 684 672 763 virtualis,
688 694 791 750 tamen
806 685 937 765 infinita,
952 708 1020 771 quae
1041 685 1212 771 concipitur
1230 686 1311 750 inter

212 794 274 859 duo
288 797 339 859 ubi
353 796 507 876 distincta,
522 796 618 881 possit
642 798 827 881 pertransiri,
843 820 940 883 quum
962 797 1119 862 infinitum
1138 798 1178 861 sit
1196 799 1308 882 imper-

212 906 387 986 transibile,
410 906 587 992 respondeo,
599 908 754 972 inlinitum
763 907 892 972 virtuale
902 930 965 972 non
980 931 1045 972 esse
1055 908 1310 993 impertransibile

211 1040 266 1101 per
288 1026 430 1083 motum:
454 1041 524 1082 nam
552 1020 677 1104 quando
697 1019 819 1098 dicitur,
841 1020 925 1106 quod
947 1020 1102 1085 infinitum
1127 1030 1173 1085 est
1197 1021 1309 1106 imper-

191 1130 377 1207 transibile,
401 1130 594 1216 intelligitur,
617 1130 701 1217 quod
726 1140 851 1215 accepta
875 1153 1019 1196 mensura
1040 1132 1176 1197 eiusdem
1199 1132 1308 1215 speciei
1391 1152 1395 1159 ·

211 1242 402 1326 quantitatis,
411 1264 474 1305 nou
490 1242 601 1327 poterit
609 1243 692 1306 finiri
706 1243 895 1307 mensuratio
906 1244 971 1307 eius
981 1243 1064 1329 quod
1075 1250 1121 1307 est
1131 1242 1306 1307 infinitum:

212 1361 242 1415 et
258 1353 300 1417 sic
315 1361 363 1417 est
377 1376 492 1432 verum,
508 1353 740 1419 multitudinem
754 1354 906 1418 infinitam
921 1353 1129 1418 ubieationum
1144 1377 1207 1418 non
1222 1376 1306 1418 men-

211 1464 307 1528 surari
316 1486 370 1549 per
381 1464 584 1529 ubioatiouem
597 1491 604 1530 :
626 1473 657 1529 at
667 1465 895 1529 mensurabitur
905 1489 960 1550 per
967 1476 1106 1545 motum3
1127 1488 1197 1529 nam
1210 1489 1306 1551 quum

209 1576 279 1640 talis
294 1577 461 1642 multitudo
476 1600 539 1641 non
554 1578 594 1641 sit
608 1578 669 1642 nisi
683 1578 833 1657 virtualis,
849 1574 977 1663 cogitari
999 1578 1088 1642 debet
1106 1587 1142 1642 ut
1160 1600 1238 1663 pura
1257 1601 1306 1642 ca-

208 1689 323 1772 pacitas
339 1699 439 1753 motus
450 1691 587 1755 continui
600 1691 750 1775 signantis
762 1691 839 1755 tales
849 1690 1037 1755 ubicationes
1045 1717 1055 1770 3
1078 1691 1136 1755 sub
1152 1690 1210 1755 hoc
1223 1692 1305 1755 enim

210 1801 273 1865 solo
295 1810 434 1887 respectu
452 1812 498 1866 est
516 1802 746 1887 pertransibilis,
761 1825 858 1888 quum
881 1803 938 1867 sub
960 1803 1080 1867 ratione
1100 1803 1307 1867 multitudinis

208 1912 336 1977 infinitae
350 1912 436 1977 nullo
452 1914 541 1978 modo
553 1914 649 1999 possit
664 1914 852 1998 pertransiri.
898 1914 1045 1978 Mensura
1053 1936 1135 1998 ergo,
1144 1936 1206 1999 qua
1220 1937 1305 1981 men-

209 2032 330 2088 suratur
350 2024 486 2089 mnualis
504 2025 669 2089 infinitudo
692 2024 902 2089 ubicationum
925 2024 1117 2109 possibilium
1139 2026 1221 2089 inter
1243 2026 1303 2090 duo
1395 2086 1399 2091 .

207 2136 258 2197 aba·
273 2135 427 2212 distincta,
443 2145 489 2199 est
511 2136 577 2220 ipsa
593 2135 730 2200 virtualis
744 2135 910 2199 inlinitudo
925 2135 1077 2219 graduum
1091 2136 1222 2213 virtutis,
1243 2159 1304 2220 qua

206 2246 389 2319 informatur
403 2256 505 2312 motus
518 2248 703 2312 ubioativus:
727 2257 757 2310 et
769 2248 813 2311 sic
824 2270 885 2311 non
897 2256 944 2311 est
955 2247 1068 2311 mirum
1082 2247 1165 2332 quod
1175 2247 1304 2311 virtuale

205 2359 360 2423 infinitum
376 2360 414 2424 ab
430 2360 488 2423 alio
504 2360 625 2424 virtuali
640 2360 761 2423 infinito
776 2367 980 2425 mensuretur.

249 2473 302 2536 87.
326 2473 429 2556 Atque
443 2471 493 2535 hic
507 2472 598 2536 finem
619 2470 728 2535 habeat
749 2471 888 2535 tractatio
912 2471 949 2535 de
963 2469 1062 2535 tribus
1077 2471 1247 2534 continuis:
1270 2472 1302 2535 in

206 2604 275 2666 qua,
292 2582 317 2646 si
332 2582 420 2667 plura
435 2583 569 2667 exposui,
585 2605 653 2667 quae
667 2582 705 2647 ab
720 2582 788 2647 aliis
803 2582 905 2650 omitti
919 2581 1029 2661 solent,
1044 2605 1107 2646 non
1125 2582 1194 2646 ideo
1207 2583 1301 2646 inuti-

204 2694 266 2759 lem
281 2718 404 2779 operam
419 2696 587 2781 suscepisse
602 2718 651 2759 me
666 2694 777 2775 iudico,
790 2695 845 2759 sed
859 2704 946 2759 tanto
960 2694 1124 2773 utiliorem,
1140 2706 1256 2780 quanto
1270 2705 1302 2758 et

98 2851 101 2859 ·
205 2806 309 2870 eadem
324 2807 427 2870 minus
448 2807 485 2870 ab
506 2806 571 2871 aliis
591 2806 765 2889 suscipitur,
781 2815 812 2870 et
827 2806 923 2870 maior
937 2805 976 2869 ad
990 2815 1112 2869 caeteras
1125 2807 1187 2870 lere
1202 2806 1300 2891 philo-

204 2916 318 3000 sophiae
332 2918 513 3002 quaestiones
528 2941 564 2982 ex
578 2918 723 2982 lucidiore
739 2919 842 3002 spatii,
857 2917 1036 2995 durationis,
1052 2939 1086 2981 ac
1105 2926 1207 2981 motus
1229 2940 1301 3002 eog-

203 3030 320 3093 nitione
334 3030 473 3093 accedere
492 3030 545 3095 lux
565 3040 675 3115 potest.
719 3031 760 3094 Et
775 3030 899 3115 quidem
914 3052 983 3115 quae
998 3030 1036 3093 de
1050 3029 1221 3093 substantia
1235 3022 1301 3094 co'r·

203 3162 294 3225 porea
309 3142 448 3225 superius
464 3140 544 3205 dicta
559 3151 635 3205 sunt
647 3143 771 3205 omnino
786 3140 956 3225 exigebant,
965 3140 1024 3204 tria
1038 3140 1102 3204 haec
1112 3140 1198 3205 valde
1212 3163 1301 3205 aceu-

203 3262 267 3319 rate
289 3254 431 3317 tractari:
455 3253 580 3333 accedit,
596 3253 687 3339 quod,
702 3253 751 3317 his
775 3254 944 3337 praesertim
966 3253 1164 3337 temporibus,
1179 3253 1299 3317 idealis-

202 3373 302 3429 tarum
327 3387 361 3428 ac
386 3364 629 3449 pantheistarum
658 3366 691 3429 in
721 3388 827 3429 sanam
855 3364 1079 3450 philosophiam
1105 3365 1247 3448 impetus,
1268 3375 1299 3428 et

202 3477 370 3561 pervicaces
385 3476 423 3540 ad
438 3499 632 3541 communem
648 3500 771 3541 sensum
789 3477 1027 3555 subvertendum
1043 3487 1179 3555 conatus,
1194 3498 1297 3540 neces-

202 3592 322 3654 sitatem
337 3590 425 3653 nobis
440 3599 542 3655 creent
557 3590 761 3675 investigandi
776 3613 846 3655 cum
856 3591 970 3654 maiore
985 3590 1144 3674 diligentia
1158 3601 1189 3653 et
1204 3612 1252 3654 res
1267 3598 1297 3653 et

201 3724 302 3769 reruni
317 3712 492 3785 conceptus,
508 3702 620 3787 quibus
635 3703 674 3767 ad
689 3725 804 3767 errores
820 3725 891 3766 suos
912 3702 974 3766 late
995 3701 1196 3785 divulgandos
1211 3702 1297 3765 abuti

201 3813 329 3876 maxime
344 3813 453 3876 solent.
498 3813 646 3878 Videmus
662 3828 774 3892 autem,
790 3814 962 3897 principem
984 3814 1151 3877 recentium
1176 3814 1296 3878 idealis-

198 3933 299 3988 tarum
317 3925 412 4002 Kant,
428 3946 525 4008 quum
540 3925 596 3988 hos
611 3926 693 4009 ipsos
709 3924 799 4008 spatii
814 3947 849 3988 ac
864 3924 1010 4008 temporis
1027 3936 1190 4007 conceptus
1208 3926 1294 4010 (quo-

198 4059 266 4099 rum
281 4036 399 4100 obiecta
413 4037 548 4100 invenire
563 4060 626 4100 non
641 4037 753 4121 potuit)
771 4035 897 4099 obiectis
917 4036 1053 4119 ipsorum
1076 4035 1294 4115 substituisset,

198 4157 295 4212 totam
318 4148 367 4212 sui
391 4148 539 4212 idealismi
559 4149 703 4213 fabricam
724 4148 936 4212 construxisse.
980 4146 1077 4212 Cuius
1100 4163 1294 4233 argumentu-

197 4260 295 4323 tiones
310 4260 336 4323 si
352 4260 474 4339 directe,
491 4270 521 4325 et
536 4283 599 4325 non
620 4283 656 4325 ex
678 4260 749 4324 solis
768 4260 1061 4340 inconvenientibus,
1076 4262 1206 4326 refutare
1221 4262 1294 4327 veli-

196 4394 274 4452 mus,
291 4372 385 4436 claras
399 4374 544 4457 profecte,
560 4373 774 4459 ordinatasque
794 4374 934 4438 notiones
950 4395 1006 4437 nos
1028 4373 1139 4437 habere
1158 4374 1196 4437 de
1215 4383 1292 4438 tem-

1099 4506 1120 4547 r
