3200 4984
293 323 361 387 200
598 343 641 387 nn
656 342 859 387 sunsranrrn
874 342 1057 387 coaeonnx.
1236 324 1321 407 [cnr.
1339 344 1398 412 nr.

295 506 579 581 demonstravimus,
595 508 681 573 nnlla
695 530 760 573 esse
769 517 871 592 potest
881 509 1016 573 extensio
1027 530 1180 593 corporea,
1189 511 1397 594 quaspatium

296 620 421 685 omnino
437 620 618 684 simultanee
633 632 663 685 et
678 644 733 706 per
748 620 875 685 modum
890 621 1026 685 continui
1043 629 1221 704 occupetur.

338 732 381 795 At
399 733 558 816 occupatio
580 732 716 816 plurium
739 741 923 817 punctorum
943 733 1034 816 spatii
1056 754 1119 795 non
1139 733 1274 816 rigorose
1288 731 1399 796 simul-

295 852 385 907 tanea
400 843 504 909 haberi
519 854 619 928 potest
634 867 688 929 per
703 855 822 909 motum
838 844 1058 909 elementorum
1073 844 1268 928 simplicium,
1284 845 1401 929 quibus

296 964 524 1039 componuntur
548 956 703 1021 moleculae
729 959 880 1041 corporis:
904 968 935 1021 et
959 980 1022 1020 non
1047 957 1194 1041 supponit
1218 956 1312 1034 aliud,
1335 957 1399 1019 nisi

297 1064 531 1131 concitationem
558 1067 651 1133 huius
674 1078 777 1133 motus
802 1069 878 1132 adeo
901 1091 1056 1151 magnam,
1083 1080 1118 1133 nt
1140 1068 1267 1132 materia
1289 1067 1400 1132 eodem

298 1178 481 1243 sensibiliter
505 1190 642 1263 tempore
664 1180 780 1243 censeri
805 1181 901 1264 possit
924 1190 1038 1244 certam
1061 1181 1150 1263 spatii
1167 1190 1286 1265 partem
1309 1180 1401 1263 quasi

297 1300 510 1373 permanenter
529 1311 685 1375 occupare.
732 1291 792 1355 Hic
811 1302 913 1357 autem
937 1303 1039 1355 motus
1062 1314 1126 1355 non
1151 1291 1242 1355 modo
1262 1313 1326 1354 non
1350 1313 1401 1354 re-

298 1413 426 1485 pugnat,
443 1402 495 1464 sed
510 1415 557 1465 est
572 1402 740 1468 essentialis
754 1403 885 1485 singulis
900 1425 1062 1487 corporum
1076 1402 1243 1481 moloculis,
1255 1411 1291 1465 ut
1306 1425 1403 1487 supra

299 1511 500 1595 probavimus.
546 1516 648 1597 Atque
662 1514 735 1577 hinc
749 1514 910 1578 inferimus
924 1516 1007 1598 quod
1022 1516 1151 1577 esterisio
1162 1537 1301 1597 corporeo
1310 1516 1400 1577 mole-

298 1624 407 1688 cnloris
420 1626 498 1688 nibil
510 1626 593 1689 alind
606 1634 659 1704 est,
674 1628 734 1689 nisi
749 1629 822 1691 certi
835 1629 927 1711 spatii
941 1629 1094 1709 occupatio
1108 1628 1285 1692 sensibiliter
1298 1628 1404 1690 mmd-

300 1744 386 1799 tnnec
397 1759 452 1819 per
466 1744 574 1801 motum
588 1738 780 1801 uibratorinm
794 1740 872 1802 inter
880 1747 985 1821 partes
998 1741 1228 1822 uniuscuiusque
1242 1740 1400 1803 moleenlae.

343 1845 435 1921 Quod
447 1856 549 1911 autem
559 1848 701 1913 addimus
712 1850 890 1913 sensibiliter
904 1852 1107 1913 simultaneom
1121 1874 1187 1915 esse
1201 1851 1294 1914 talem
1309 1872 1401 1915 occu-

299 1958 463 2042 pationem,
479 1958 512 2022 id
529 1959 653 2043 quidem
668 1960 753 2043 parvi
764 1961 865 2024 ¹refert
874 1987 883 2038 ;
905 1971 984 2025 esset
999 1963 1080 2025 enim
1097 1963 1232 2026 extensio
1247 1984 1401 2046 corporea,

299 2070 418 2134 etiamsi
433 2084 535 2134 motus
549 2093 612 2134 non
628 2081 707 2135 esset
721 2071 795 2135 adeo
811 2074 1000 2137 concitatus:
1025 2074 1078 2137 sed
1092 2096 1127 2137 ea
1141 2074 1233 2138 verba
1247 2074 1401 2152 addimus,

299 2191 368 2245 tum
386 2183 458 2268 quia
477 2204 545 2247 vere
565 2195 669 2246 motus
692 2194 738 2273 est
758 2186 831 2247 satis
853 2185 1024 2249 concitatus
1047 2194 1082 2249 ut
1096 2185 1280 2249 elementum
1304 2186 1403 2269 possit

300 2292 360 2357 dici
374 2294 557 2358 sensibiliter
571 2294 678 2359 eodem
693 2304 830 2379 tempore
846 2319 911 2359 esse
925 2298 957 2360 in
973 2305 1038 2361 tota
1052 2298 1132 2361 linea
1147 2298 1196 2361 sni
1210 2306 1322 2375 motus,
1332 2306 1402 2359 tum

301 2406 374 2487 qnia
398 2406 609 2489 praeiudicium
638 2408 716 2469 circa
746 2407 1015 2471 simultaneitatem
1042 2409 1260 2492 occupationis,
1284 2419 1402 2471 servato

300 2518 367 2602 ipso
377 2518 623 2581 simultaneitatis
633 2518 763 2597 nomine,
778 2519 920 2583 blandius
934 2531 1115 2585 removetur.
1138 2520 1289 2584 Absolute
1298 2529 1403 2583 tamen

302 2631 454 2714 loquendo
470 2631 635 2694 dicendum
655 2642 700 2693 est
716 2633 946 2716 occupationem
968 2632 1053 2696 illam
1069 2633 1160 2716 spatii
1175 2655 1241 2695 esse
1256 2632 1403 2695 successi-

301 2765 379 2807 vam.
426 2743 504 2805 Item
528 2742 704 2805 adverbium
722 2745 898 2806 sensibiliter
920 2766 983 2807 non
1007 2744 1075 2807 ideo
1097 2744 1231 2827 ponitur,
1250 2741 1337 2828 quasi
1363 2744 1404 2807 ad

301 2854 534 2937 significandum
558 2876 665 2917 sensus
687 2865 807 2917 nostros
825 2854 1051 2939 apprehendere
1072 2855 1222 2918 elementa
1241 2877 1403 2939 corporum
1499 2865 1503 2874 '

302 2979 458 3050 tamquam
474 2966 499 3029 si
514 2977 615 3029 essent
627 2966 807 3030 simultanee
822 2967 986 3051 praesentia
997 2966 1137 3051 pluribus
1150 2967 1274 3051 punctis
1289 2967 1401 3050 spatii3

304 3099 374 3139 nam
392 3087 507 3139 certum
525 3086 571 3138 est
586 3099 642 3139 nos
656 3099 719 3139 non
735 3077 835 3141 videre
850 3078 1038 3141 elementum
1052 3077 1177 3161 aliquod
1193 3077 1331 3161 simplex,
1346 3099 1403 3170 nec

303 3188 415 3251 lineam
431 3188 675 3251 mathematicam
691 3188 729 3252 ab
739 3211 774 3252 eo
790 3189 970 3273 descriptam
987 3190 1020 3252 in
1035 3198 1142 3267 motu,
1166 3189 1219 3253 sed
1235 3189 1274 3252 ad
1286 3188 1404 3273 signifi-

304 3290 446 3376 candum,
474 3310 591 3361 motum
616 3300 703 3362 illum
730 3299 842 3363 habere
866 3323 933 3363 eam
963 3301 1164 3378 velocitatem,
1189 3323 1282 3385 quam
1311 3299 1404 3364 habet

304 3412 417 3477 mobile
434 3412 592 3497 quodlibet
615 3434 794 3497 corporeum
814 3412 889 3476 dum
911 3436 966 3496 per
983 3425 1100 3477 motum
1124 3436 1215 3477 suum
1238 3413 1348 3475 excitat
1370 3411 1404 3475 in

303 3525 392 3593 nobis
404 3524 606 3587 sensationem
619 3523 825 3607 occupationis
834 3526 986 3588 continuae
996 3526 1085 3608 spatii
1096 3548 1114 3587 ε·
1127 3532 1160 3586 ut
1172 3546 1269 3609 quum
1278 3522 1406 3587 baculus

303 3639 335 3701 in
352 3638 540 3701 extremitate
555 3636 649 3698 altera
663 3657 817 3713 accensus,
837 3636 915 3697 circa
930 3636 1054 3699 alteram
1070 3636 1215 3699 citissime
1230 3643 1359 3713 rotatur,
1374 3644 1405 3697 et

305 3763 409 3814 causat
424 3750 456 3812 in
477 3748 566 3811 nobis
585 3747 786 3811 sensationem
811 3747 914 3810 circuli
937 3747 1020 3829 ignei
1041 3744 1262 3830 permanentis,
1282 3746 1353 3809 licet
1368 3745 1407 3809 de

304 3862 384 3924 facto
399 3860 481 3943 ignis
496 3882 558 3922 non
573 3869 786 3941 permanenter
802 3857 855 3919 sed
870 3858 1035 3921 successive
1044 3868 1170 3943 occupet
1180 3868 1280 3941 partes
1289 3858 1405 3922 circuli.

351 3976 424 4036 107.
448 3971 655 4039 Confirmatur
664 3969 831 4053 propositio
840 3992 938 4053 nuper
947 3969 1085 4033 deducta.
1131 3971 1161 4032 N
1164 3992 1214 4033 am
1229 3992 1325 4054 quum
1340 3992 1408 4034 cor·

306 4106 381 4168 pora
396 4106 457 4146 non
474 4084 535 4146 sint
547 4082 692 4146 continua
707 4082 824 4144 ratione
841 4080 980 4173 materiae,
996 4091 1032 4143 ut
1041 4104 1134 4165 supra
1147 4081 1289 4145 habitum
1303 4090 1360 4161 est,
1375 4089 1407 4145 et

306 4194 357 4257 hic
381 4194 592 4278 supponimus,
614 4192 753 4279 sequitur
772 4192 1004 4258 continuitatem
1026 4194 1210 4257 extensionis
1232 4215 1296 4256 non
1319 4215 1408 4276 posse

307 4306 404 4388 repeti
419 4328 436 4366 a
451 4305 577 4367 materia
592 4326 762 4387 corporum,
778 4326 834 4367 nec
849 4304 881 4366 in
896 4326 931 4365 ea
940 4302 1076 4368 residere.
1123 4304 1190 4368 Nec
1201 4314 1302 4388 potest
1311 4303 1408 4387 repeti

1563 507 1565 592 l
