3200 4984
298 370 361 435 124
622 393 663 442 ur
679 394 881 441 svssrsnrrn
899 396 1078 441 corrosas.
1271 379 1357 468 [cnr.
1376 400 1401 445 r.

296 578 360 622 non
375 555 450 639 agit,
467 555 540 642 qnia
553 563 585 621 et
603 556 671 642 ipsa
692 580 756 622 non
779 557 873 622 habet
888 566 990 623 netum
1013 580 1105 624 suum
1126 559 1284 645 proprium
1298 569 1330 626 et
1353 562 1401 626 in-

295 669 464 734 trinsecum
489 667 619 748 essendi,
642 677 679 733 ut
701 667 835 734 vidimus
857 670 890 733 in
913 679 1047 735 tractatu
1069 670 1262 755 precedenti.
1315 673 1401 757 Ergo

295 781 403 866 nequit
427 780 562 859 materia,
587 789 623 847 ut
646 782 783 860 materia,
808 782 1033 847 communicare
1058 791 1187 849 motum.
1234 782 1325 847 Unde
1347 807 1402 869 ap-

295 902 382 978 paret
404 915 497 978 qnam
523 913 648 957 enorme
669 892 880 978 praeiudicium
903 893 943 957 sit
966 899 1082 973 eorum,
1106 895 1160 980 qni
1182 896 1402 961 communicari
1490 980 1494 987 Ι

295 1004 402 1068 volunt
427 1013 547 1069 motum
568 1026 623 1089 per
635 1026 742 1069 verum
764 1013 940 1069 contactum
963 1006 1107 1085 materiae,
1123 1013 1159 1070 ut
1179 1006 1222 1071 sic
1246 1006 1402 1087 velocitas,

295 1138 363 1199 quae
378 1116 472 1180 estin
487 1137 550 1179 una
563 1115 700 1195 materia,
716 1115 917 1201 participetur
932 1115 1021 1180 alteri
1043 1116 1187 1183 materiae.
1225 1116 1305 1182 Vide
1319 1118 1402 1183 infra

295 1249 361 1311 cap.
378 1230 409 1291 3.
426 1249 511 1290 num.
530 1229 603 1307 131,
620 1228 694 1291 132.

337 1340 391 1401 42.
416 1338 460 1401 le
480 1335 624 1401 omnibus
643 1337 803 1422 hucusque
818 1337 981 1422 disputatis
996 1338 1241 1404 concludendum
1256 1348 1312 1419 est,
1328 1339 1400 1403 nul·

294 1448 356 1514 lam
381 1472 446 1513 esse
475 1449 508 1513 in
534 1448 713 1533 corporibus
741 1449 989 1514 mathematicam
1016 1451 1259 1530 continuitatem,
1280 1451 1399 1517 nullam

294 1560 534 1626 divisibilitatem
555 1560 688 1625 materiae
708 1560 740 1623 in
763 1560 931 1641 infinitum,
946 1560 1064 1627 nullam
1085 1563 1287 1648 quantitatem
1304 1586 1399 1627 essen-

295 1674 394 1740 tialem
418 1672 561 1736 materie.
608 1671 711 1748 Quare
732 1671 763 1735 in
780 1672 927 1737 divisione
951 1695 1114 1757 corporum
1136 1674 1305 1738 necessario
1329 1696 1399 1759 per-

293 1784 476 1849 reniendum
499 1792 546 1848 est
569 1782 609 1847 ad
632 1792 734 1867 partes
757 1783 875 1868 aliquas
897 1784 1077 1869 primitivas,
1094 1808 1162 1870 quae
1186 1786 1249 1849 sint
1271 1786 1398 1849 omnino

293 1896 459 1960 inextensae
482 1918 516 1960 ac
538 1894 749 1973 indivisibiles,
774 1904 805 1958 et
832 1894 900 1959 ideo
926 1894 1052 1981 physice
1075 1896 1238 1981 simplices.
1291 1896 1398 1960 Partes

294 2007 443 2075 eiusmodi
462 2014 610 2071 vocantur
630 2006 770 2069 elementa
792 2006 940 2089 simplicia
964 2028 1138 2091 corporum.
1183 2008 1222 2090 In
1246 2006 1398 2072 elemento

293 2118 423 2205 simplici
446 2118 525 2182 inest
540 2116 668 2181 facultas
688 2116 800 2199 agendi
820 2116 859 2180 ad
879 2126 964 2181 extra
983 2118 1133 2182 movendo
1156 2117 1310 2183 localiterr
1333 2118 1397 2185 haec

293 2230 422 2295 facultas
441 2229 597 2306 radicator
622 2229 655 2291 in
679 2230 786 2308 forma,
803 2250 857 2293 seu
882 2238 954 2296 actu
981 2230 1142 2297 entitatiro
1166 2229 1319 2308 elementi,
1340 2251 1397 2293 nec

293 2343 394 2406 differt
409 2365 427 2405 a
441 2342 539 2418 forma
553 2341 620 2425 ipsa
633 2340 693 2403 nisi
709 2339 879 2404 secundum
895 2339 1178 2421 considerationem,
1194 2363 1292 2425 quum
1306 2340 1395 2407 iuxta

294 2455 327 2519 S.
339 2454 499 2532 Thomam,
516 2462 546 2516 et
561 2452 645 2531 alios,
655 2452 756 2536 forma
772 2451 812 2515 sit
827 2452 868 2530 id,
881 2474 937 2535 quo
953 2474 1041 2535 opens
1056 2455 1131 2537 opit,
1175 2451 1395 2521 Facultasvero

292 2565 457 2651 recipiendi
472 2573 591 2643 motum
612 2564 650 2627 ab
670 2571 754 2627 extra
770 2572 817 2626 est
832 2562 899 2627 eius
921 2562 1130 2648 potentialitas
1144 2562 1244 2643 realia,
1261 2586 1315 2627 seu
1330 2585 1394 2625 mas

292 2678 377 2755 teria,
393 2684 485 2761 prout
500 2674 683 2759 explicatum
698 2683 745 2739 est
759 2674 793 2737 in
809 2682 942 2739 tractatu
958 2675 996 2738 de
1010 2675 1173 2760 principiis
1182 2697 1285 2738 rerum
1303 2682 1394 2743 natu.

291 2788 415 2852 ralium.
458 2785 561 2862 Quare
581 2784 716 2862 materia,
732 2784 779 2849 vel
799 2785 1007 2869 potentialitas
1027 2786 1147 2871 passiva
1165 2785 1307 2851 elementi
1329 2806 1392 2848 ma·

291 2898 416 2976 terialis,
431 2896 510 2961 nihil
529 2895 613 2960 aliud
628 2904 685 2974 est,
700 2896 762 2959 nisi
784 2896 938 2961 mobilitas
959 2898 1066 2981 puncti
1086 2897 1168 2961 illius
1183 2896 1342 2975 inextensi,
1357 2918 1394 2960 ex

291 3032 353 3094 quo
367 3018 526 3093 tamqnam
541 3015 646 3071 centro
660 3007 705 3074 vis
720 3007 803 3090 agit:
828 3008 911 3092 quod
926 3016 1079 3093 punctum
1094 3009 1127 3074 in
1143 3017 1265 3073 tantum
1282 3008 1394 3073 dicitur

194 3117 197 3122 ’
290 3145 357 3186 esse
371 3121 403 3183 in
419 3128 515 3199 motu,
531 3119 730 3203 inquantum
745 3119 791 3183 vis
806 3141 843 3182 ex
866 3140 901 3183 eo
917 3120 1085 3203 procedens
1101 3128 1200 3184 mutat
1214 3119 1393 3185 relationem

290 3232 413 3296 virtutis
428 3253 491 3296 suae
506 3230 545 3294 ad
559 3230 619 3295 alia
633 3238 738 3295 centra
759 3229 963 3294 materialium
984 3230 1215 3310 elementorum,
1231 3231 1264 3294 in
1279 3230 1393 3316 quibus

289 3344 386 3408 virtus
401 3342 468 3405 eius
482 3349 631 3406 actuatur.
675 3339 872 3404 Elementum
888 3340 1016 3425 simplex
1030 3350 1110 3406 recte
1126 3342 1271 3406 definitur
1284 3363 1392 3405 secun·

290 3454 365 3517 dum
381 3452 548 3532 materiam,
564 3452 590 3515 si
611 3450 731 3516 dicatur
745 3459 875 3516 centrum
899 3452 1066 3515 locomobr'lc
1087 3456 1131 3517 vis
1146 3454 1339 3521 locomotricis
1353 3453 1395 3516 od

288 3575 395 3631 cetra:
418 3574 449 3629 et
469 3571 549 3628 recte
564 3560 709 3630 definitur
732 3562 901 3626 secundum
917 3562 1058 3644 formam,
1074 3564 1100 3627 si
1121 3565 1241 3635 dicatur
1254 3567 1298 3629 ris
1313 3566 1390 3628 loco·

288 3677 398 3742 matria
411 3699 499 3761 operae
513 3700 550 3740 ac
564 3683 663 3740 centro
677 3675 850 3739 locomobili.

289 3842 294 3853 ,
331 3793 386 3855 43.
409 3789 484 3855 Haec
496 3811 532 3852 ex
540 3794 675 3852 tractatu
689 3783 873 3871 praecedenti
890 3787 1124 3851 memoravimus
1138 3786 1198 3867 bie,
1208 3796 1244 3851 ut
1261 3788 1389 3853 breviter

286 3901 524 3987 respondeamus
544 3899 592 3978 iis,
609 3898 662 3983 qui
680 3898 792 3961 timent
812 3918 851 3961 ne
866 3896 1016 3960 elementa
1031 3897 1179 3982 simplicia
1194 3920 1264 3961 cum
1287 3897 1390 3969 anima

286 4012 428 4079 rationali
453 4010 605 4096 spirituali
630 3993 777 4074 confundi
798 4008 928 4093 possint.
978 4007 1091 4075 Differt
1113 4008 1299 4073 elementum
1322 4032 1388 4072 ma-

285 4124 390 4193 teriale
412 4122 541 4208 simplex
560 4119 772 4186 asubstantiis
794 4116 1005 4205 spiritualibus
1020 4118 1265 4204 quibuscumque
1286 4117 1386 4203 tripli-

284 4238 359 4301 citer
370 4260 376 4299 :

227 4323 229 4328 Ι
287 4398 291 4406 .
326 4345 441 4423 Primo,
458 4343 530 4427 quia
551 4339 723 4406 substantia
744 4339 912 4425 spiritualis
933 4338 997 4422 agit
1017 4339 1055 4403 ad
1078 4348 1207 4407 extract
1230 4342 1267 4405 ad
1285 4341 1364 4408 intra
1379 4369 1402 4423 ς-
