3200 4984
285 343 349 407 126
590 362 632 405 na
648 358 855 405 suessanum
872 361 1056 405 coaronna.
1240 340 1328 423 [can
1347 358 1388 399 ιι.

733 967 873 1033 CAPUT
897 968 941 1031 11.

434 1142 484 1197 DE
501 1144 738 1199 APTITUDINE
756 1144 933 1199 PARTIUM
951 1142 1244 1198 PRIMITIVARUM

552 1251 606 1305 AD
625 1250 948 1307 OONSTITUENDUM
967 1249 1124 1307 OORPUS.

330 1416 384 1480 db.
406 1414 513 1478 Partes
522 1436 686 1499 corporum
700 1414 861 1500 primitiva
872 1437 935 1479 non
947 1414 1036 1479 aliam
1052 1414 1167 1479 habent
1183 1413 1390 1498 aptitudinem

286 1526 327 1591 ad
348 1548 474 1610 corpora
491 1524 718 1605 constituenda,
734 1549 826 1611 quam
843 1549 911 1611 quae
934 1528 1069 1609 exsurgit
1084 1548 1121 1593 ex
1140 1525 1257 1590 mutuis
1283 1548 1389 1590 earum

286 1637 412 1717 viribus,
427 1638 490 1701 sive
504 1637 620 1717 activis,
638 1636 701 1701 siva
720 1638 857 1722 passivis.
902 1638 950 1703 De
971 1638 1098 1722 passivis
1119 1638 1192 1703 satis
1206 1636 1325 1703 dictum
1342 1645 1391 1701 est

286 1748 319 1812 in
331 1748 430 1833 capite
443 1747 636 1833 praecedenti,
647 1747 701 1811 ubi
716 1748 972 1835 consideravimus
984 1772 1090 1813 earum
1104 1748 1391 1827 indivisibilitatem,

287 1868 319 1923 et
341 1860 374 1924 in
393 1866 527 1923 tractatu
548 1857 586 1922 de
608 1857 768 1943 principiis
789 1882 893 1923 rerum
915 1860 1114 1939 naturalium,
1137 1860 1192 1926 ubi
1214 1882 1319 1925 earum
1341 1858 1390 1923 ἰιι-Ι

287 1972 395 2036 timam
408 1978 553 2036 naturam
567 1969 695 2035 scrutati
715 1993 840 2037 snmus:
863 1992 948 2035 nunc
967 1994 1042 2056 ergo
1059 1970 1098 2036 de
1121 1971 1226 2038 activis
1241 1971 1393 2050 dicemus,

287 2105 364 2168 quas
386 2080 574 2166 concipimus
596 2079 727 2167 duplicis
747 2090 870 2145 tantum
891 2082 1001 2167 speciei
1015 2104 1081 2147 esse
1100 2105 1198 2167 posse,
1213 2105 1324 2167 nempe
1344 2092 1392 2147 at-

288 2194 430 2259 tractivas
444 2202 475 2257 et
491 2193 674 2279 repulsivas3
698 2215 795 2277 quum
811 2202 913 2257 motus
929 2192 1033 2257 localis
1048 2214 1110 2259 non
1126 2194 1223 2279 possit
1238 2194 1314 2274 lieri,
1329 2195 1391 2258 nisi

287 2304 457 2370 accedendo
471 2304 510 2368 ad
524 2304 637 2382 locum,
653 2302 700 2367 vel
713 2302 883 2368 recedendo
899 2326 916 2367 a
931 2303 1006 2369 loe0.

332 2416 488 2492 Quaeritur
509 2436 582 2498 ergo
603 2414 713 2499 primo,
728 2423 829 2479 atram
851 2416 883 2477 ia
904 2415 1050 2478 elucentis
1071 2416 1251 2499 simplicibus
1272 2416 1392 2483 admitti

288 2506 389 2591 dabam
402 2528 448 2592 cia
461 2550 520 2590 aaa
534 2534 649 2590 tantam
663 2527 833 2603 attractiva,
848 2526 901 2588 sed
912 2533 941 2589 et
955 2527 1113 2609 repahiva.

334 2636 515 2722 Respondeo
530 2636 717 2699 affirmative.
765 2636 798 2698 Si
822 2636 905 2699 enim
924 2635 1027 2699 omnia
1046 2643 1077 2699 et
1099 2634 1221 2718 singula
1241 2636 1392 2701 elementa

288 2770 322 2811 se
347 2769 467 2830 semper
492 2754 524 2809 et
553 2744 668 2829 ubique
690 2744 881 2827 repellerent,
904 2767 968 2809 non
992 2753 1096 2829 posset
1120 2746 1302 2811 naturaliter
1325 2748 1391 2811 fieri

288 2856 413 2941 aliquod
427 2878 538 2939 corpus
553 2853 696 2931 solidum,
712 2862 748 2917 ut
768 2876 885 2934 saxum,
902 2878 958 2919 nec
980 2854 1143 2939 liquidum,
1159 2865 1195 2921 ut
1215 2880 1294 2941 aqua
1302 2883 1312 2937 3
1336 2858 1391 2923 sed

289 2967 390 3033 omnis
411 2965 538 3030 materia
563 2962 711 3049 paulatim
734 2963 921 3029 dilaberetur
942 2987 996 3050 per
1026 2965 1266 3058 immensitatem
1289 2970 1390 3053 spatii,

289 3088 320 3143 et
335 3076 456 3141 nullum
471 3076 598 3140 omnino
612 3073 776 3139 haberetur
790 3075 1004 3160 compositum,
1021 3076 1075 3141 sed
1091 3100 1169 3162 pura
1192 3076 1391 3164 disgregatio,

289 3198 325 3255 ut
340 3187 463 3253 evidens
477 3195 532 3251 est,
580 3186 614 3250 Si
628 3194 731 3250 autem
746 3185 850 3249 omnia
864 3194 895 3250 et
917 3186 1038 3270 singula
1052 3186 1203 3252 elementa
1223 3212 1257 3253 se
1271 3212 1393 3275 semper

289 3310 320 3365 et
335 3300 450 3383 ubique
464 3297 662 3376 attraherent,
677 3296 765 3361 nullo
784 3296 876 3360 modo
897 3296 1084 3361 inveniretur
1105 3298 1138 3360 in
1153 3308 1266 3363 natura
1280 3301 1327 3365 vis
1342 3324 1391 3365 ex-

288 3412 424 3497 pansiva,
440 3408 538 3494 qualis
559 3417 605 3492 est
626 3409 659 3471 in
682 3412 761 3488 a'e're,
777 3406 942 3493 vaporibus
963 3416 995 3471 et
1017 3408 1084 3472 aliis
1098 3409 1203 3474 fluidis
1223 3412 1392 3484 adriformiff

288 3521 358 3599 bns,
368 3520 400 3584 in
416 3518 529 3604 quibus
543 3539 641 3603 quum
656 3523 830 3581 exerceatur
844 3516 987 3601 repulsio,
1003 3520 1172 3600 necessario
1188 3522 1331 3605 ponenda
1346 3532 1393 3590 est

288 3631 450 3717 aliquavis
469 3637 500 3693 et
522 3628 602 3693 actio
623 3627 785 3711 repulsiva.
831 3626 901 3702 Qua
922 3626 955 3689 in
978 3649 1011 3690 re
1033 3628 1112 3692 nihil
1135 3630 1293 3723 immoror,
1319 3636 1394 3719 quia

286 3743 373 3808 nulla
386 3750 432 3807 est
447 3740 584 3826 quaestio.

331 3856 384 3917 46.
408 3851 564 3928 Quaeritur
583 3848 726 3925 secundo,
746 3855 846 3910 atram
867 3846 942 3909 idem
964 3847 1133 3912 elementum
1152 3852 1277 3935 simplest
1292 3858 1393 3937 possit

287 3987 349 4029 esee
367 3963 456 4028 amat
472 3961 664 4026 attractioam
678 3960 775 4036 unias,
794 3966 825 4021 et
843 3958 1019 4040 repulsivam
1043 3958 1175 4040 alterius,
1191 3964 1232 4026 ad
1251 3965 1394 4047 aqualem

287 4076 471 4137 distantiam.
948 4129 953 4133 .

332 4180 515 4265 Respondeo
537 4178 688 4263 negative.
742 4177 825 4257 Nam
851 4178 1003 4243 attrahere
1025 4188 1055 4243 et
1077 4181 1223 4266 repellere
1246 4194 1319 4249 sunt
1342 4209 1392 4251 ac-

286 4293 385 4355 tiones
407 4290 564 4354 contrariae
585 4296 711 4367 naturae,
734 4310 804 4371 quae
826 4310 889 4351 non
910 4299 1039 4371 possunt
1063 4292 1226 4375 procedere
1249 4319 1286 4360 ex
1306 4301 1392 4363 unico
