3200 4984
313 390 376 454 178
638 410 679 452 ns
696 409 899 453 susaraurra
916 408 1096 452 consonus.
1271 386 1356 469 [car.
1373 405 1415 448 11.

312 580 445 643 materia
460 586 594 657 actuata,
610 589 641 643 et
662 588 808 665 preterea
821 602 885 643 non
906 578 996 643 educi
1010 578 1050 643 de
1070 578 1208 663 potentia
1224 579 1345 661 passivo
1359 576 1415 640 sed

312 688 349 753 de
364 690 471 753 activa.
514 688 631 753 Eadem
645 697 748 754 tamen
763 690 871 769 forma,
886 713 940 754 seu
955 689 1178 767 determinatio,
1196 688 1268 753 licet
1283 688 1323 751 sit
1336 688 1415 752 ecci·

311 798 442 865 dentslis
462 798 592 884 singulis
618 799 785 879 elementis,
806 811 854 865 est
876 810 979 864 tamen
999 798 1169 863 essentialis
1189 797 1345 863 moleeulae
1364 797 1415 861 oui

312 911 365 976 dat
380 934 445 976 esse
468 912 565 997 primo
581 911 783 989 moleoulam3
806 913 896 977 etsie
918 913 1017 977 vocari
1032 911 1128 976 debet
1144 912 1244 976 forma
1257 911 1415 975 moleoulae

312 1023 468 1087 naturalis.
514 1022 650 1087 Tandem
666 1023 771 1088 eadem
786 1024 894 1103 forma,
909 1023 980 1088 licet
995 1024 1035 1088 sit
1049 1031 1135 1089 sotus
1149 1024 1296 1108 potentia
1311 1022 1417 1088 activae

314 1136 488 1214 materialis,
510 1135 630 1220 indiget
644 1145 748 1200 tamen
763 1137 867 1223 aliquo
881 1135 1001 1221 passivo
1014 1136 1049 1200 in
1063 1158 1125 1221 quo
1143 1135 1316 1221 recipiatur,
1331 1134 1417 1220 quod

313 1247 467 1329 passivum
482 1247 536 1312 flat
546 1257 617 1313 actu
626 1271 761 1333 passum.
797 1248 832 1313 Si
845 1250 929 1314 enim
942 1249 1060 1313 deesset
1071 1249 1231 1334 passivitas
1241 1246 1417 1332 recipiendi,

315 1358 420 1423 nullus
434 1368 521 1425 sotus
539 1361 684 1446 potentia
703 1360 808 1427 active
824 1361 960 1447 prodiret
981 1384 1018 1425 ex
1036 1361 1205 1440 element03
1227 1369 1259 1425 et
1278 1361 1332 1435 sio,
1346 1360 1419 1424 lieet

312 1471 412 1536 forma
434 1472 581 1539 educatur
607 1473 645 1538 de
668 1474 806 1559 potentia
829 1474 936 1554 sotira,
958 1497 1022 1538 non
1047 1485 1152 1539 tamen
1178 1474 1329 1552 educitur,
1355 1474 1418 1536 nisi

314 1584 534 1669 praesupposite
556 1585 658 1671 aliqua
671 1586 809 1671 potentia
831 1586 958 1671 passiva.
1003 1586 1052 1651 De
1070 1586 1182 1672 quibus
1203 1586 1263 1651 late
1278 1586 1418 1671 disputa-

205 1690 210 1699 ’
312 1694 413 1759 vimus
438 1695 472 1760 in
489 1704 622 1763 tractatu
640 1697 678 1763 de
702 1698 861 1783 principiis
878 1720 982 1763 rerum
1005 1699 1201 1777 naturalium,
1230 1720 1323 1783 quem
1347 1698 1417 1762 vide

314 1808 482 1892 presertim
497 1830 564 1893 cap.
580 1812 611 1875 3.

357 1920 410 1983 82.
434 1920 580 2005 Sequitur
594 1921 731 2006 insuper,
752 1920 980 1986 distinctionem
995 1923 1182 1987 materialem
1196 1923 1417 1987 moleoulamm

311 2030 476 2116 petendam
490 2054 591 2097 esses
612 2054 740 2097 numero
757 2033 978 2098 elementorum
999 2034 1193 2119 simplicium,
1211 2035 1324 2120 quibus
1343 2057 1416 2100 con·

313 2151 416 2208 stunt:
436 2143 663 2209 distinctionem
677 2166 749 2210 vero
763 2144 921 2217 formalem
937 2155 969 2211 et
983 2147 1153 2232 specificam
1166 2147 1331 2232 petendam
1349 2170 1417 2212 esse

313 2277 332 2319 a
355 2254 472 2320 diversa
498 2255 751 2321 determinatione
775 2256 815 2321 ad
835 2257 968 2323 diversas
988 2259 1102 2343 species
1125 2269 1278 2339 motuum,
1302 2259 1416 2345 quibus

312 2365 462 2430 elementa
490 2366 530 2431 ad
558 2366 688 2431 invicem
719 2367 869 2432 oscillent.
914 2368 1023 2433 Motus
1052 2380 1156 2434 autem
1185 2379 1260 2435 sunt
1289 2370 1414 2436 diversa

312 2478 431 2563 speciei,
446 2500 510 2545 non
524 2488 617 2564 prout
632 2488 705 2543 sunt
720 2480 849 2544 maiores
856 2480 904 2546 vel
913 2481 1046 2546 minores
1056 2480 1243 2567 simpliciter,
1259 2482 1312 2547 sed
1322 2491 1415 2568 prout

313 2598 484 2675 sequuntur
500 2591 647 2656 diversam
661 2590 771 2676 legem,
788 2614 843 2655 seu
857 2601 949 2677 prout
964 2592 1080 2658 diversa
1095 2602 1141 2658 est
1153 2593 1260 2659 relatio
1272 2593 1414 2659 velocita-

312 2716 380 2767 tum
411 2704 647 2768 successivamm
677 2703 789 2788 quibus
819 2704 1002 2769 informatur
1031 2716 1144 2769 motus.
1199 2704 1282 2769 Hinc
1311 2714 1414 2768 motus

312 2836 427 2893 omnes,
453 2815 507 2899 qui
530 2816 634 2879 eadem
660 2815 792 2879 formula
815 2816 1030 2881 mathematica
1047 2816 1290 2881 determinantur
1311 2839 1339 2880 v.
1366 2839 1415 2901 gr.

312 2924 502 3011 &lusti-i,
523 2948 591 3011 quae
612 2935 659 2991 est
679 2926 811 2991 formula
831 2934 934 2991 motus
957 2928 1057 3011 gravis
1079 2927 1260 2992 verticuliter
1279 2927 1417 3013 proiecti,

310 3037 443 3102 habendi
469 3046 542 3102 sunt
567 3049 602 3102 ut
627 3038 763 3103 eiusdem
787 3038 896 3123 speciei
922 3039 1005 3123 (licet
1028 3040 1215 3125 quantitates
1240 3048 1416 3104 constantes

314 3150 376 3212 sint
391 3150 519 3215 maiores
533 3151 580 3215 vel
596 3152 740 3237 minores)
758 3174 855 3237 quum
870 3151 1008 3217 eamdem
1022 3152 1121 3238 legem
1137 3164 1314 3239 sequentur.

355 3263 408 3325 83.
433 3262 494 3326 Sed
508 3271 612 3327 contra
627 3286 671 3345 ea,
687 3286 756 3350 quae
769 3264 820 3327 hio
835 3263 1046 3345 disseruimus,
1062 3265 1143 3330 dicet
1157 3266 1284 3352 aliquis:
1305 3266 1415 3331 Deter-

316 3373 444 3437 minatio
459 3374 498 3439 ad
512 3384 615 3439 motus
630 3376 828 3440 oscillatorios
839 3384 886 3439 est
897 3365 1045 3441 accidln's.
1090 3378 1174 3462 Ergo
1185 3378 1333 3443 moleoule
1344 3378 1416 3443 sub-

298 3485 435 3550 'stantiae
463 3486 612 3552 naturalis
640 3487 733 3552 hebet
762 3487 892 3551 formam
922 3489 1152 3553 constitutivam
1187 3490 1414 3555 accidentalem.

318 3597 369 3661 Sic
383 3597 478 3681 igitur
493 3599 650 3666 moleculae
664 3620 759 3683 aquae,
776 3609 807 3663 et
825 3599 981 3664 moleoulae
1000 3602 1091 3685 ignis,
1107 3623 1170 3664 non
1185 3602 1341 3666 differrent
1355 3604 1417 3666 lor-

317 3710 438 3774 maliter
451 3711 532 3775 inter
546 3734 587 3791 se,
603 3711 662 3775 nisi
677 3734 732 3796 per
747 3711 864 3797 aliquid
875 3712 1069 3777 accidentale.
1115 3714 1184 3777 Hoc
1192 3722 1295 3778 sutem
1305 3737 1416 3799 repug-

318 3831 393 3901 nat3
412 3845 484 3885 nam
499 3822 652 3887 evidenter
661 3845 740 3908 aqua
754 3832 784 3887 et
796 3824 877 3908 ignis
888 3823 1033 3888 differunt
1044 3825 1295 3891 substantialiter.
1323 3826 1416 3911 Ergo.
1539 3871 1542 3876 -

310 3956 312 3963 ¹
363 3932 455 4018 Resp.
479 3934 548 3998 dist.
567 3943 629 3999 ont.
644 3944 691 3997 est
711 3935 851 3999 accidens
871 3935 1014 3999 elementi
1032 3960 1112 4001 conc.
1135 3945 1197 4002 ant.
1217 3950 1264 4001 est
1279 3938 1417 4003 accidens

319 4043 476 4109 moleoulae
502 4067 530 4109 n.
556 4054 617 4109 aot.
642 4055 672 4109 et
694 4067 809 4131 conseq.
835 4055 866 4110 et
890 4048 968 4111 ratio
990 4056 1085 4132 patet.
1131 4048 1293 4115 Moleculae
1314 4061 1416 4115 autem

317 4178 405 4239 aquae
418 4164 448 4220 et
463 4158 544 4243 ignis
559 4180 621 4221 non
636 4157 782 4222 differunt
793 4158 893 4223 solum
907 4158 940 4223 in
950 4160 1067 4224 ratione
1082 4160 1246 4242 moleoulae,
1263 4162 1416 4227 sedetiam

319 4268 351 4331 in
366 4269 482 4331 ratione
498 4268 684 4350 substantiae,
701 4272 851 4356 quianon
866 4272 966 4336 solum
980 4272 1094 4337 habent
1110 4272 1260 4338 diversam
1275 4274 1416 4339 determi-

318 4379 472 4441 nationem
492 4380 531 4443 ad
548 4394 612 4444 esse
632 4382 797 4461 moleoulae,
822 4377 876 4447 sed
898 4385 989 4447 etiam
1010 4385 1242 4450 constituuntur
1260 4386 1418 4451 elementis
