3200 4984
209 386 278 433 err.
295 368 336 453 1.]
567 386 609 431 nn
626 387 746 432 rursus
762 387 953 431 cosi-rums.
1247 367 1312 429 249

251 556 433 642 Respondeo
453 578 517 620 esse
540 556 758 621 virtualitatem
775 553 992 620 immensitatis
1012 553 1135 619 divinae.
1179 552 1222 617 Et
1243 575 1315 637 pro·

100 670 104 678 ’
211 670 310 734 batur.
357 670 439 733 Nam
461 669 561 755 primo
584 670 718 754 spatium
743 691 872 733 vacuum
895 677 940 732 est
967 667 1153 753 possibilitas
1175 665 1314 731 omnium

210 782 422 847 ubioationum
444 780 583 859 realium,
599 804 652 845 seu
667 780 699 845 id
714 790 838 866 propter
860 780 943 865 quod
956 780 1057 844 omnis
1071 778 1205 843 ubicatio
1224 777 1316 841 realis

210 904 256 960 est
279 893 442 980 possibilis.
487 893 585 978 Atqui
607 892 678 956 talis
699 892 887 977 possibilitas
910 900 963 977 est·
980 892 1046 976 ipsa
1067 890 1237 957 virtualitas
1257 891 1316 955 im·

211 1006 382 1071 meusitatis
394 1005 514 1069 divinae.
544 1005 627 1088 Ergo
638 1027 768 1068 vacuum
779 1004 954 1069 absolutum
966 1014 1013 1068 est
1024 1002 1194 1068 virtualitas
1206 1002 1316 1067 divinae

212 1116 434 1183 immensitatis.
482 1116 583 1180 Maior
603 1115 641 1179 ab
664 1114 809 1179 omnibus
831 1114 1006 1179 admittitur
1021 1114 1067 1178 vel
1082 1113 1191 1178 iisdem
1205 1113 1316 1193 verbis,

212 1230 259 1294 vel
275 1228 437 1307 similibus,
453 1237 484 1293 et
499 1227 641 1293 eumdem
656 1250 779 1291 sensum
794 1227 1005 1291 efficientibus.
1040 1226 1146 1291 Minor
1160 1226 1316 1310 probatur.

105 1401 112 1414 .
214 1343 296 1411 Nam
310 1341 364 1404 illa
382 1339 504 1404 realitas
527 1340 670 1419 increata,
688 1362 726 1403 ex
740 1362 801 1425 qus
815 1348 861 1403 est
884 1339 985 1403 omnis
1007 1337 1191 1423 possibilitas
1214 1337 1318 1402 ubica·

212 1454 334 1518 tionum
357 1452 485 1517 realium
504 1452 543 1516 ad
557 1461 650 1531 extra,
666 1461 713 1517 est
732 1452 924 1516 immensitas
945 1451 1015 1530 Dei,
1035 1462 1128 1536 prout
1148 1450 1222 1514 dicit
1235 1450 1319 1514 ordi·

214 1590 286 1631 nem
309 1565 348 1629 ad
370 1573 463 1629 extra.
508 1564 605 1650 Atqui
625 1564 816 1629 immensitas
837 1564 898 1628 Dei
920 1564 995 1628 dicit
1016 1562 1154 1626 ordinem
1176 1562 1217 1625 ad
1235 1571 1320 1626 extra

213 1700 269 1762 per
295 1700 381 1742 suam
409 1678 637 1758 virtualitatem,
664 1678 834 1743 secundum
863 1700 956 1763 quam
985 1677 1155 1741 eminenter
1183 1672 1325 1741 continet

215 1812 336 1853 omnem
358 1789 562 1853 ubicationem
585 1789 788 1874 cogitabilem,
812 1799 843 1853 et
866 1789 1026 1875 aequivalet
1047 1790 1133 1852 omui
1154 1787 1320 1853 ubicationi

215 1900 381 1985 cogitabili.
424 1902 509 1985 Ergo
523 1902 693 1966 virtualitas
712 1901 765 1966 illa
783 1900 998 1965 immensitatis
1013 1909 1059 1963 est
1073 1900 1140 1985 ipsa
1154 1899 1232 1964 ratio
1246 1923 1319 1965 con·

216 2013 355 2077 stitutiva
377 2013 468 2098 spatii
490 2012 674 2098 occupabilis
699 2012 839 2078 absolute
864 2012 1002 2097 spectati.
1049 2012 1190 2096 Spatium
1216 2021 1319 2076 autem

215 2124 391 2209 occupabile
415 2134 461 2189 est
485 2125 619 2209 spatium
638 2146 801 2188 vacuum..
823 2124 908 2208 Ergo
923 2146 1054 2187 vacuum
1076 2122 1251 2186 absolutum
1274 2133 1321 2187 est

215 2236 617 2303 virtualitas‘immensitatis
632 2236 752 2300 divinae.
781 2235 823 2300 Et
834 2237 893 2299 hoc
907 2243 953 2299 est
968 2233 1051 2320 qnod
1065 2234 1108 2297 ait
1124 2233 1246 2298 Lessius
1258 2234 1321 2315 ¹(De

217 2350 277 2413 div.
294 2349 417 2433 perfect.
433 2348 486 2413 lib.
502 2348 532 2411 ii.
550 2371 576 2411 o.
593 2349 645 2431 2):
668 2350 740 2431 Ipsa
755 2350 831 2412 enim
845 2349 1024 2411 immensitas
1039 2347 1142 2410 divina
1152 2347 1322 2410 substantiae

217 2470 247 2525 et
261 2462 318 2524 sibi
333 2469 362 2524 et
377 2460 482 2523 mundo
497 2462 643 2542 sufficiens
657 2468 700 2523 est
714 2461 853 2542 spatium,
874 2467 904 2523 et
918 2458 1104 2521 interuallum
1119 2480 1214 2539 copae
1229 2457 1323 2520 omnes

218 2582 330 2637 nature
348 2573 492 2651 creabilis,
519 2580 579 2635 tam
603 2572 773 2655 cameratis,
798 2594 887 2655 quom
909 2569 1085 2654 spiritualis.
1136 2570 1221 2633 Sient
1246 2570 1323 2632 enim

218 2686 343 2749 essentia
366 2686 464 2747 divine
479 2692 523 2747 eat
530 2685 672 2767 primeva
688 2685 823 2762 essentia,
838 2684 931 2767 orico,
954 2690 982 2745 et
989 2682 1215 2765 fundamentum
1230 2683 1324 2744 omnir

218 2799 347 2860 essentia
362 2804 390 2859 et
405 2798 480 2859 entis
494 2796 701 2880 conceptibilis,
717 2798 760 2859 ita
776 2796 955 2858 immensitas
969 2794 1067 2856 divina
1089 2801 1133 2871 est
1149 2794 1279 2875 primum
1295 2800 1324 2855 et

219 2909 356 2971 intimum
371 2907 565 2985 interuallum,
574 2930 625 2970 see
635 2908 773 2990 spatium,
783 2907 866 2990 oriyo
881 2906 973 2967 ornata
988 2903 1145 2982 intervalli,
1158 2912 1187 2967 et
1196 2905 1325 2987 spetiem

219 3022 350 3083 omnium
371 3021 544 3102 spatiorum,
569 3018 648 3081 locres
670 3018 796 3080 emerium
818 3016 954 3094 Iocorum,
968 3016 1049 3077 sedes
1064 3022 1093 3077 et
1107 3014 1186 3077 basis
1193 3015 1324 3096 nnmer-

220 3132 310 3195 dialis
325 3133 418 3194 omnis
434 3131 492 3194 loci
506 3139 535 3193 et
548 3132 649 3213 spatii.

224 3286 229 3293 -
265 3242 415 3321 Secunde,
432 3242 643 3326 concipiantur
658 3240 821 3305 annihilari
835 3240 939 3303 omnia
953 3247 1067 3303 creata:
1093 3237 1211 3303 deficiet
1225 3236 1325 3300 omnis

221 3354 347 3419 actualis
370 3353 530 3438 praesentia
552 3375 655 3417 rerum
677 3352 710 3415 in
733 3352 841 3436 spatio,
865 3360 895 3414 et
918 3350 1080 3415 cessabunt
1101 3372 1207 3414 omnes
1230 3349 1326 3411 reales

221 3465 408 3530 abiectiones
420 3478 636 3528 creaturarum.
669 3462 739 3541 Sed,
751 3472 896 3526 manente
910 3463 978 3526 Deo
992 3463 1025 3525 in
1041 3486 1095 3526 sua
1109 3460 1324 3539 immensitate,

221 3578 358 3663 manebit
381 3577 502 3641 realitas
525 3576 587 3655 illa,
604 3576 773 3640 secundum
795 3583 1115 3659 quamcreaturarum
1137 3571 1326 3636 ubicationes

222 3690 381 3780 possibiles
411 3698 502 3765 sunt3
526 3689 661 3753 manebit
691 3688 773 3751 enim
804 3687 995 3750 immensitas
1031 3667 1213 3750 secundum
1228 3691 1326 3745 totam

223 3824 309 3867 suam
325 3801 572 3865 imitabilitatem.
619 3800 691 3863 Non
714 3800 799 3863 enim
823 3799 909 3861 Deus
932 3798 1049 3862 desinet
1063 3820 1128 3861 esse
1142 3796 1175 3858 in
1190 3794 1251 3859 illis
1264 3794 1325 3872 soi,

222 3912 390 3998 inquibus
415 3912 540 3976 luerunt
568 3920 721 3987 creaturae,
749 3909 802 3991 sed
827 3919 948 3974 tantum
971 3909 1023 3973 illa
1045 3911 1103 3988 ubi,
1126 3905 1327 3993 pereuntibus

223 4025 379 4104 creaturis,
396 4026 537 4089 amittent
552 4024 650 4088 reales·
667 4023 939 4102 denominationes,
954 4045 1031 4107 quas
1045 4021 1199 4085 habebant
1213 4019 1326 4083 forma-

222 4139 293 4202 liter
307 4160 325 4201 a
340 4137 486 4201 creaturis
510 4137 567 4201 sibi
587 4135 839 4200 inexistentibus:
863 4135 949 4197 Deus
971 4142 1075 4197 autem
1093 4132 1137 4196 ibi
1151 4132 1218 4209 erit,
1234 4130 1326 4193 ctiam

224 4257 387 4333 postquam
401 4248 453 4311 illa
468 4250 518 4311 ebt
533 4271 568 4312 ex
583 4246 762 4311 formalibus
776 4247 858 4310 faeta
872 4254 946 4309 suut
961 4244 1107 4308 virtualia
1151 4244 1190 4306 In
1204 4250 1326 4308 tantum

225 4383 308 4444 ergo,
331 4359 493 4424 destructis
514 4351 668 4437 creaturis,
688 4366 792 4422 manet
813 4358 945 4442 spatium
961 4380 1088 4421 vacuum
1104 4365 1167 4439 eta
1182 4355 1327 4420 creaturis
