3200 4984
316 359 381 420 264
671 374 713 415 ou
730 372 848 416 narnus
864 370 1052 414 concisura.
1286 346 1370 430 [car.
1387 366 1412 409 1.

360 549 413 611 23.
437 545 592 622 Quaeritur
606 543 775 623 undecimo,
791 552 889 607 utrum
902 565 1007 625 corpus
1020 541 1139 625 impleat
1152 542 1254 605 lomim.

361 657 540 742 Respondeo
560 677 684 740 corpora
707 677 852 739 occupare
865 654 976 735 locum,
992 653 1045 717 sed
1060 675 1123 717 non
1136 652 1272 736 implere.
1318 651 1411 729 Nam,

318 769 396 834 datis
412 768 531 832 duobus
546 768 667 853 punctis
682 766 889 831 materialibus
902 765 1105 830 limitantibus
1119 765 1221 828 locum
1234 764 1332 840 lineae,
1347 763 1409 826 dis-

317 883 390 966 poni
415 888 544 965 possunt
568 880 602 944 in
627 879 727 945 medio
753 879 914 942 innumera
937 886 1052 962 puncta
1075 876 1242 940 materialia
1265 874 1412 939 habentia

318 1016 386 1057 suas
412 992 598 1056 ubicationes
624 990 791 1055 distinctas.
838 990 871 1053 Si
889 998 1004 1074 puncta
1026 988 1193 1053 materialia
1216 988 1278 1051 sint
1301 986 1360 1049 tria
1379 994 1412 1050 et

317 1113 400 1167 extra
415 1103 525 1166 lineam
547 1111 670 1181 rectam,
685 1102 830 1165 infinities
847 1102 967 1187 disponi
981 1110 1110 1186 possunt
1123 1101 1284 1164 innumera
1296 1107 1413 1183 puncta

318 1213 461 1278 distincta
476 1214 508 1277 in
524 1214 620 1298 spatio
640 1212 820 1297 triangulari
839 1214 1019 1297 intercepto.
1064 1212 1098 1276 Si
1111 1220 1225 1297 puncta
1244 1209 1412 1275 materialia

318 1326 380 1390 sint
394 1334 525 1413 quatuor
539 1327 571 1388 in
587 1324 711 1389 modum
720 1325 886 1411 pyramidis
898 1324 1053 1409 disposita,
1064 1324 1210 1387 infinities
1219 1323 1338 1386 infinite
1349 1322 1411 1385 dis-

317 1437 390 1521 poni
418 1448 547 1521 possunt
576 1438 736 1500 innumera
760 1445 874 1520 puncta
898 1435 1065 1500 materialia
1093 1435 1235 1500 distincta
1257 1434 1291 1497 in
1313 1434 1412 1518 spatio

318 1548 497 1635 pyramidali
516 1549 693 1633 intercepto.
739 1548 822 1612 Hinc
837 1548 983 1633 sequitur,
998 1569 1060 1611 non
1075 1569 1163 1631 posse
1176 1545 1295 1630 impleri
1309 1544 1412 1608 locum

318 1661 405 1723 lineae
427 1660 474 1724 vel
492 1659 683 1739 brevissimae,
705 1670 759 1724 aut
779 1660 946 1744 superficiei
966 1659 1149 1739 arctissimae,
1170 1667 1223 1721 aut
1248 1656 1412 1720 voluminis

317 1772 456 1849 minimi3
478 1794 550 1835 nam
579 1780 693 1855 puncta
718 1771 860 1857 quaelibet
885 1772 1061 1850 materialia,
1090 1769 1285 1855 quantumvis
1314 1768 1412 1832 vicina

319 1892 540 1967 supponantur,
559 1884 634 1968 quin
650 1907 681 1947 se
695 1893 835 1969 tangant,
855 1884 1027 1968 relinquent
1041 1884 1075 1947 in
1089 1882 1190 1946 medio
1203 1904 1343 1961 vacuum,
1359 1903 1412 1944 seu

317 1995 468 2060 infinitam
496 1995 726 2080 possibilitatem
750 1996 957 2060 ubicationum
983 1995 1119 2059 realium.
1168 1994 1210 2058 llt
1235 1993 1304 2057 ideo
1328 1993 1412 2056 locus

317 2127 430 2169 vacuus
445 2127 507 2168 non
523 2114 623 2190 potest
637 2106 767 2190 impleri,
788 2107 848 2170 nisi
867 2105 1071 2171 exhauriendo
1090 2104 1241 2168 infinitam
1261 2103 1411 2189 possibili-

304 2223 410 2311 tatem
440 2216 646 2282 nbicationum
669 2217 805 2296 realium,
829 2218 929 2282 idest
954 2216 1095 2302 ponendo
1119 2216 1240 2279 infinita
1264 2215 1412 2279 elementa

318 2326 484 2391 materialia
503 2328 663 2392 distincta:
686 2329 827 2393 volumen
842 2352 922 2409 vero,
938 2329 1134 2414 quantumvis
1152 2328 1315 2393 minimum
1331 2328 1411 2412 cogi-

251 2453 253 2459 '
318 2448 410 2519 tetur,
439 2462 502 2503 non
531 2449 632 2524 posset
661 2440 780 2525 impleri
808 2441 868 2505 nisi
893 2463 947 2525 per
971 2442 1201 2506 multitudinem
1229 2449 1412 2524 punctorum

320 2551 520 2615 materialium
535 2551 758 2632 distinctorum,
779 2575 849 2637 quae
869 2554 998 2617 efficeret
1015 2554 1170 2617 infinitum
1185 2553 1268 2616 tertii
1287 2552 1411 2616 ordinis.

318 2663 359 2727 Et
375 2664 401 2727 si
416 2663 538 2729 daretur
552 2665 599 2729 vel
614 2665 703 2729 unica
717 2687 787 2749 pars
801 2666 935 2730 materiae
957 2666 1102 2730 continua
1120 2666 1252 2750 implens
1271 2664 1412 2728 volumen

319 2776 393 2839 adeo
412 2798 548 2861 parvum,
568 2786 604 2841 ut
624 2777 709 2841 nullo
733 2778 929 2863 microscopio
951 2778 1037 2842 reddi
1061 2786 1163 2862 posset
1186 2777 1337 2854 sensibile,
1361 2776 1414 2839 illa

318 2910 388 2970 pars
412 2888 556 2951 continua
580 2888 699 2953 realiter
729 2900 867 2953 constare
890 2888 1012 2954 deberet
1035 2912 1072 2953 ex
1093 2890 1206 2953 unione
1229 2896 1412 2973 punctorum

318 2996 518 3061 materialium
540 3006 633 3063 tantae
654 2998 871 3078 multitudinis,
894 3008 929 3063 ut
950 3009 1075 3085 possent
1097 3000 1218 3084 disponi
1232 2999 1265 3061 in
1278 2999 1413 3082 longitu-

319 3110 421 3173 dinem
436 3110 596 3188 infinitam,
611 3111 774 3175 habentem
789 3111 983 3175 latitudinem
997 3112 1159 3192 infinitam,
1174 3120 1206 3176 et
1219 3112 1412 3176 altitudinem

318 3222 481 3302 infinitam,
497 3233 694 3307 occupantem
709 3224 830 3287 realiter
846 3224 1001 3288 infinitum
1022 3225 1155 3310 spatium
1168 3247 1223 3310 per
1236 3224 1331 3288 reales
1345 3225 1414 3288 ubi-

319 3334 451 3398 cationes
466 3336 656 3419 singulorum
676 3347 871 3421 punctorum,
899 3338 1095 3421 quantumvis
1109 3338 1231 3417 vicinas,
1247 3338 1413 3403 dummodo

320 3447 487 3512 distinctas.
534 3448 566 3511 Si
590 3449 658 3533 quis
684 3449 779 3532 possit
802 3449 860 3514 hoc
883 3448 1043 3514 admittere
1066 3459 1096 3513 et
1119 3450 1231 3532 omnia,
1255 3473 1323 3535 qnae
1342 3450 1414 3513 inde

318 3569 556 3644 consequuntur,
570 3559 596 3624 is
611 3561 723 3644 poterit
738 3561 896 3626 admittere
918 3562 1002 3626 illam
1024 3562 1182 3626 minimam
1197 3564 1328 3626 materiae
1342 3585 1415 3626 con·

317 3671 411 3733 tinuae
426 3679 541 3753 partem
556 3672 734 3755 implentem
749 3672 911 3735 minimum
925 3672 1034 3737 locum.

361 3784 460 3846 Locm
486 3784 581 3868 igitur
607 3806 669 3847 non
694 3783 857 3867 impletur:
885 3795 1050 3869 occupatur
1075 3793 1188 3864 tamen,
1209 3785 1413 3870 inquantum

317 3902 431 3977 puncta
446 3893 612 3957 materialia
626 3894 758 3978 corporis
774 3897 807 3959 in
830 3895 896 3959 loco
915 3897 1074 3960 existentia
1094 3919 1149 3980 per
1171 3919 1257 3961 suam
1278 3920 1414 3981 praesen-

316 4086 390 4143 ficiea
408 4090 584 4162 triangulares
603 4092 718 4162 aequales
740 4092 774 4145 ad
792 4091 910 4145 invicem
932 4092 1074 4148 inclinatas
1092 4094 1122 4148 in
1140 4094 1274 4149 limitibus
1292 4113 1414 4150 commu-

315 4174 409 4229 nibus:
437 4177 483 4230 sed
496 4182 600 4249 oportet
611 4177 675 4231 huic
691 4178 840 4250 superficiei
850 4178 928 4233 totali
938 4180 1127 4235 determinanti
1136 4183 1227 4236 locum
1240 4184 1338 4237 addere
1347 4182 1416 4236 illud

316 4262 526 4331 determinabile,
539 4264 610 4335 qnod
621 4282 669 4335 per
680 4281 740 4318 eam
751 4269 874 4319 aetuatur
884 4264 914 4319 in
925 4284 982 4320 esse
993 4266 1061 4321 loci:
1079 4268 1131 4323 hoc
1142 4274 1232 4323 autem
1244 4273 1285 4323 est
1297 4268 1416 4341 spatium

316 4348 520 4418 intercludibila,
539 4351 610 4420 quod
622 4368 670 4421 per
680 4350 897 4407 interclusionem
908 4352 941 4407 fit
952 4354 1034 4408 locus.
