3200 4984
209 404 282 447 cnr.
299 383 339 467 n]
568 404 610 449 nn
627 403 747 447 rursus
763 405 955 448 connisum.
1249 386 1312 449 251

210 570 278 633 Hoc
293 578 396 633 eutem
407 567 680 653 'est'inexplicabile
695 577 726 633 et
739 569 923 648 irrationale,
935 592 1030 655 quum
1046 577 1117 633 ante
1131 592 1223 635 omne
1233 571 1315 634 'rela-

209 682 305 745 tivum
321 680 355 743 in
369 680 456 744 omni
471 681 569 765 specie
584 680 663 744 entis
683 664 834 766 praecellat
853 682 970 767 aliquid
989 681 1176 746 absolutum.
1221 682 1314 758 Quod

210 802 324 857 autem·
336 793 480 877 spatium,
503 801 539 856 ut
560 792 715 857 aBalmes
737 792 915 877 explicatur,
939 793 980 857 sit
1001 793 1118 878 aliquid
1139 815 1215 878 pure
1236 793 1315 857 rela-

209 904 319 983 tivum,
340 913 510 968 constater
525 925 560 967 eo
576 904 659 989 quod
679 905 764 968 iuxta
785 905 897 988 ipsum,
917 907 1048 988 epatium
1061 927 1119 968 aon
1134 914 1177 969 est
1191 906 1250 968 nisi
1264 927 1317 969 ec·

211 1019 304 1081 ternio
330 1039 495 1100 corporum,
521 1018 582 1079 sive
606 1018 768 1081 cantitent
797 1040 950 1100 carpam
979 1019 1144 1095 essentiam,
1167 1019 1229 1081 aiae
1246 1039 1317 1080 non.

210 1127 344 1193 Evidens
359 1128 442 1193 enim
457 1136 504 1192 est
519 1129 725 1193 extensionem
742 1151 904 1213 corporum
919 1151 985 1192 esse
998 1127 1165 1193 relativam.

255 1239 408 1304 Remanet
423 1260 497 1322 ergo
511 1247 558 1314 ut,
573 1237 668 1302 biset
683 1238 835 1302 similibus
854 1239 984 1317 reiectis,
1003 1238 1181 1303 accedamus
1195 1238 1236 1302 ad
1254 1260 1319 1316 eos,

107 1416 111 1423 ,
212 1352 265 1436 qui
289 1351 426 1435 spatium
438 1350 612 1414 absolutum
629 1350 833 1430 considerant,
848 1360 880 1415 et
895 1360 1015 1435 ponunt
1030 1358 1066 1415 ut
1080 1349 1317 1413 fundamentum

213 1462 314 1527 omnis
337 1461 427 1546 spatii
450 1459 567 1524 relativi
590 1483 608 1523 a
629 1460 807 1544 corporibus
828 1460 979 1544 occupati,
1002 1460 1042 1523 ed
1061 1482 1113 1525 eos
1127 1482 1247 1544 nempe,
1263 1459 1318 1545 qui

213 1575 348 1659 spatium
362 1574 396 1637 in
410 1596 443 1637 se
458 1581 628 1657 spectatum
644 1572 691 1637 vel
710 1594 746 1636 ex
765 1572 972 1661 immensitate
989 1571 1060 1650 Dei,
1075 1571 1122 1636 vel
1136 1594 1173 1635 ex
1186 1571 1318 1656 possibi·
1410 1614 1415 1623 ·

213 1686 300 1749 litate
314 1684 525 1750 ubicationum
539 1684 667 1749 realium
684 1684 845 1748 definiunt.
892 1684 953 1748 Sed
973 1684 1016 1763 hi,
1035 1684 1061 1747 si
1081 1692 1198 1748 attente
1217 1685 1316 1748 consi·

214 1796 568 1880 deremus,·quamquem
584 1794 716 1859 diversas
731 1794 879 1859 adhibent
892 1794 1037 1879 loquendi
1048 1794 1204 1873 formulas,
1216 1795 1318 1880 quoad

214 1931 278 1973 rem
294 1909 328 1972 in
342 1907 424 1971 idem
439 1905 599 1971 recidunt:
621 1906 734 1971 frustra
749 1907 831 1971 enim
846 1916 1032 1992 quereretur
1049 1906 1234 1990 possibilitas
1247 1907 1318 1970 infi-

215 2021 351 2084 nitorum
373 2019 594 2098 ubicationum,
618 2019 645 2083 si
666 2027 855 2103 quaereretur
875 2028 961 2082 extro
981 2018 1095 2096 Deum,
1117 2018 1150 2082 in
1172 2041 1234 2103 quo
1253 2018 1318 2082 solo

216 2131 433 2216 possibilitates
448 2129 595 2215 quaelibet
617 2139 690 2194 sunt
713 2129 839 2215 aliquid.
883 2130 967 2213 Ergo
989 2128 1244 2207 (secludendum,
1265 2152 1319 2192 va-

217 2266 310 2311 cuum
332 2242 507 2307 absolutum
528 2264 594 2306 esse
614 2241 657 2319 id,
681 2241 904 2326 propterquod
925 2240 1084 2326 possibiles
1099 2249 1172 2304 sunt
1186 2239 1319 2304 infinitae

217 2355 405 2419 ubicationes
421 2376 521 2419 rerum
536 2381 543 2419 ε
566 2352 599 2417 id
613 2362 715 2417 autem
725 2362 771 2417 est
784 2352 906 2416 infinita
918 2350 1089 2416 virtualitas
1103 2350 1318 2439 immensitatis

219 2468 341 2537 divinae.

224 2647 227 2655 ,
266 2580 470 2643 Corollurium.
493 2577 633 2640 Vennum
655 2575 841 2655 absolutum,
863 2575 896 2638 in
922 2596 955 2639 sc
978 2584 1160 2660 spectatum,
1182 2582 1230 2638 est
1248 2574 1318 2638 infi-

219 2692 330 2770 nitum,
354 2698 513 2767 aeternum,
536 2688 754 2772 independens,
773 2686 939 2766 immobile,
958 2686 1159 2766 immutabile,
1182 2686 1320 2752 indivisi·

219 2802 292 2880 bile,
306 2800 473 2864 formaliter
488 2798 625 2884 simplex,
640 2798 711 2863 lieet
725 2821 781 2883 per
798 2821 886 2862 suam
907 2798 1124 2863 vidualitatem
1143 2800 1323 2884 mquivaleat

220 2912 389 2991 extensioni
403 2912 436 2975 in
450 2911 589 2996 longum,
605 2912 712 2989 latum,
728 2923 759 2974 et
772 2910 962 2995 profundum
977 2910 1113 2994 undique
1126 2912 1266 2977 infinitae.

267 3028 316 3090 10.
346 3023 501 3100 Quaeritur
523 3023 641 3107 quinto,
663 3031 773 3101 utrum,
797 3030 894 3085 creato
916 3045 974 3084 uno
989 3030 1103 3105 puncto
1123 3024 1270 3087 materiali
1290 3025 1324 3087 io

221 3158 311 3201 uacuo
327 3135 470 3212 absoluto,
485 3156 544 3197 non
557 3137 718 3217 recipiatur
733 3134 848 3216 aliquid
859 3135 927 3197 novi
941 3135 973 3195 in
987 3136 1050 3217 ipso
1064 3155 1167 3198 vocuo.

228 3303 230 3307 ,
266 3247 459 3331 Responde0.
483 3244 593 3309 Creato
604 3266 667 3309 uno
681 3254 797 3330 puncto
810 3242 967 3323 materiali,
979 3267 1108 3309 vacuum
1124 3246 1201 3309 nihil
1213 3247 1324 3332 recipit

222 3359 397 3437 intrinsece,
413 3358 467 3423 scd
487 3367 609 3421 tentum
631 3356 760 3441 acquirit
779 3379 890 3419 novam
910 3356 1186 3421 denominationem
1209 3359 1324 3421 extrin-

222 3495 333 3539 secam.
377 3471 419 3534 Et
433 3469 521 3535 facile
536 3469 692 3554 probatur.
738 3468 820 3532 Nam
840 3469 1031 3533 immensitas
1045 3470 1117 3548 Dei,
1130 3470 1200 3535 licet
1215 3493 1325 3535 secun·

224 3585 299 3663 dnm
314 3606 402 3648 snam
421 3581 640 3645 virtualitatem
659 3580 700 3643 sit
715 3603 784 3645 vera
798 3590 829 3644 et
843 3580 933 3645 realis
947 3581 1096 3667 capacitas
1109 3583 1238 3663 entium,
1254 3584 1324 3647 nul-

223 3697 285 3761 lam
299 3703 402 3759 temen
418 3694 510 3757 habet
533 3692 565 3757 in
584 3715 616 3756 se
635 3692 702 3776 ipse
721 3686 978 3776 potentialitatem
998 3693 1189 3777 receptivam,
1210 3694 1326 3759 sedcst

224 3819 289 3873 tota
304 3817 376 3871 actu
390 3806 488 3889 seipse
503 3804 649 3889 plena,'et
664 3805 693 3867 vi
707 3803 801 3869 huius
819 3803 1019 3887 plenitudinis
1041 3804 1212 3870 eminenter
1232 3807 1327 3892 aequi-

226 3919 304 3983 valet
319 3916 463 3981 omnibus
478 3918 617 3981 omnium
632 3914 824 3999 possibilium
843 3914 1086 3982 ubicationibus:
1109 3938 1178 4000 qma
1196 3918 1329 4002 aequiva-

225 4032 320 4108 lentia
335 4030 449 4095 dicitur
464 4028 635 4093 virtualitas
647 4027 873 4091 immensitatis.
896 4088 899 4092 ,
919 4028 995 4091 Haec
1005 4035 1107 4091 autem
1117 4029 1328 4115 aequivalentiu

226 4150 397 4228 perseverat
412 4141 538 4205 omnino
553 4139 668 4219 eadem,
692 4139 754 4202 sive
769 4149 887 4202 creetur
902 4139 1035 4203 ubicatio
1050 4140 1161 4225 aliqua,
1177 4141 1239 4206 sive
1253 4164 1327 4206 nou.

195 4284 198 4293 ’
228 4255 341 4334 Quare,
354 4262 454 4319 creato
465 4275 526 4316 uno
536 4260 652 4336 puncto
663 4250 820 4329 materiali,
830 4250 909 4314 nihil
920 4250 1004 4314 aliud
1015 4252 1164 4336 sequitur,
1173 4252 1233 4316 nisi
1245 4254 1330 4337 quod

227 4368 285 4431 hoe
293 4370 399 4453 ⁴ipsum
411 4374 562 4450 punctum
573 4363 697 4447 incipiet
708 4362 819 4427 habere
830 4362 989 4427 formalem
1000 4363 1205 4427 ubicutionem
1217 4364 1330 4428 realem
