3200 4984
277 348 318 410 10
693 372 736 416 nn
752 371 939 418 assumens
1182 437 1184 442 .
1235 354 1321 438 [cnr.
1338 372 1378 418 11.

276 533 349 598 tiam
363 535 552 615 materialem,
568 533 617 603 rel
631 541 785 604 materiam
800 548 959 620 actualem,
974 539 1023 605 vel
1040 541 1193 605 normam
1211 541 1376 606 secandam.

275 645 317 709 Et
340 653 416 710 tunc
440 649 565 712 materia
591 657 731 714 sumetur
756 651 789 713 in
814 673 907 716 sensu
931 651 1141 739 metophysioo
1166 673 1222 736 pro
1251 672 1315 717 uno
1340 673 1378 715 ex

277 756 398 822 duobus
412 758 580 844 principiis,
595 760 709 826 scilicet
724 761 855 846 passivo,
870 773 902 828 et
916 765 1047 828 semotio
1062 762 1211 828 referetur
1231 762 1272 827 ad
1291 761 1377 828 aliud

275 848 474 955 principium,
488 869 521 934 id
542 879 589 936 est
611 873 756 953 activum,
772 893 843 938 cum
867 873 1108 940 restrictionibus
1129 871 1323 959 quibusdam,
1339 872 1378 938 de

277 980 389 1067 quibus
404 983 505 1066 capite
519 985 671 1069 sequenti.

322 1095 373 1157 16.
397 1093 553 1170 Questus
576 1096 704 1178 decimo,
729 1105 829 1161 utrm
852 1119 903 1162 erre
926 1097 1072 1162 resultans
1095 1121 1133 1162 er
1156 1098 1244 1162 dietis
1266 1098 1378 1162 araba

270 1205 429 1289 prinmpiis
442 1215 521 1272 recte
534 1207 651 1273 dicatur
664 1210 710 1273 oia
724 1208 897 1274 materialis.

320 1317 502 1403 Respondoo
525 1320 712 1386 affirmative.
757 1320 841 1385 Nam
862 1318 999 1384 'dicendo
1020 1322 1089 1398 sira,
1109 1318 1241 1383 dicimus
1263 1319 1386 1403 princi.

275 1429 363 1516 pium
383 1430 526 1510 activum,
542 1431 672 1496 dicendo
693 1433 883 1512 materialem,
899 1431 1029 1496 dicimus
1048 1431 1201 1510 inertiam,
1216 1431 1265 1495 vel
1282 1430 1376 1495 indii·

276 1541 597 1627 ferentiampassivam
610 1543 779 1608 admotum
794 1542 931 1622 localem,
940 1542 974 1606 iu
990 1565 1051 1628 que
1064 1542 1204 1607 consistit
1219 1543 1297 1606 ratio
1312 1549 1379 1606 tota

275 1653 470 1738 passivitatis,
486 1677 555 1740 quse
569 1663 615 1720 est
630 1656 662 1720 in
677 1656 736 1721 hoe
750 1657 818 1740 ipso
832 1664 913 1720 ente.
962 1663 979 1729 J
1116 1649 1120 1655 ’

323 1768 373 1832 17.
397 1765 555 1844 Quoentm
577 1769 751 1847 undecimo,
767 1777 868 1834 strum
884 1766 1060 1852 pradictum
1088 1789 1139 1832 ene
1166 1775 1248 1832 recte
1261 1767 1378 1831 AEeatm

275 1877 445 1942 alemanam
458 1880 619 1944 materiale.

321 1988 503 2074 Respondeo
518 1991 705 2057 affirmative.
750 1992 832 2068 Nam
848 1991 1035 2056 elementum
1050 1990 1153 2069 estid,
1169 1990 1253 2075 quod
1272 1998 1378 2055 causat

276 2119 332 2183 per
347 2099 473 2163 modum
488 2101 584 2186 partis
605 2101 771 2166 intrinsece
786 2097 998 2187 componentis
1005 2128 1015 2181 ;
1039 2109 1071 2166 et
1090 2102 1161 2166 ideo
1176 2100 1322 2166 definitur
1337 2103 1388 2176 ab,

277 2209 443 2276 Aristotele
460 2213 494 2276 id
513 2235 550 2277 aa
567 2237 624 2298 qno
641 2237 689 2278 res
706 2216 889 2299 compartitur
905 2216 1016 2298 priam,
1031 2223 1061 2279 et
1082 2223 1127 2278 est
1146 2217 1177 2277 in
1191 2237 1237 2278 aa.
1280 2214 1378 2299 Atqui

277 2322 449 2388 substantia
463 2325 628 2389 materialis
642 2345 679 2388 ex
693 2324 754 2389 illis
768 2326 841 2390 salis
853 2325 1013 2410 principiis
1027 2325 1179 2390 resultans
1194 2334 1241 2388 est
1257 2324 1300 2404 id,
1316 2347 1378 2410 quo

276 2435 377 2500 omnis
392 2435 564 2501 substantia
578 2459 722 2520 corporea
736 2437 931 2521 componitur
944 2435 1060 2521 primo,
1071 2445 1102 2500 et
1116 2447 1163 2500 est
1177 2437 1211 2500 in
1226 2459 1272 2500 ea.
1293 2437 1377 2522 Ergo

277 2555 324 2612 est
338 2548 535 2612 elementum.
581 2548 673 2625 Quod
688 2557 789 2613 autem
806 2558 1008 2633 componatur
1022 2549 1132 2635 primo,
1148 2548 1276 2612 resultat
1290 2571 1327 2612 ex
1341 2571 1378 2613 eo

279 2659 362 2743 quod
379 2681 442 2723 non
459 2659 610 2724 habeatur
624 2658 709 2722 aliud
723 2659 810 2745 prius
824 2683 842 2723 a
857 2682 919 2744 qno
934 2668 1146 2744 componatur,
1158 2682 1256 2746 quum
1270 2681 1326 2724 ens
1340 2660 1379 2733 da

167 2783 169 2786 ’
278 2793 340 2855 quo
366 2771 487 2854 agimus
514 2772 554 2834 sit
577 2771 712 2855 primum
738 2793 793 2834 ens
813 2771 969 2836 materiale
982 2772 1156 2857 physicum,
1172 2779 1207 2835 ut
1226 2771 1378 2850 diximus3

277 2880 473 2967 probavimus
498 2883 581 2946 eninr
606 2905 638 2947 n.
666 2886 717 2962 14,
741 2871 819 2946 illud
844 2905 910 2948 non
932 2905 999 2948 esse
1021 2885 1225 2969 compositum
1251 2883 1379 2947 axeliis

278 2992 417 3078 partibus
436 2991 581 3080 physicis.
627 2993 719 3058 Unde
736 3016 801 3058 uon
817 2993 916 3058 solum
931 3002 978 3058 est
992 3015 1099 3059 verum
1113 2978 1309 3073 elementum,
1325 2992 1379 3058 sed

278 3106 369 3170 etiam
392 3113 438 3169 est
460 3105 586 3192 physice
608 3105 746 3190 simplex.
793 3105 854 3170 Sed
876 3105 915 3170 de
936 3105 1096 3170 elementis
1117 3127 1284 3190 eorumque
1305 3104 1379 3168 sim-

278 3217 414 3303 plicitate
433 3217 544 3282 redibit
564 3217 692 3303 quaestio
711 3217 744 3280 in
761 3225 895 3282 tractatu
909 3218 947 3282 de
962 3217 1134 3281 substantia
1148 3237 1290 3300 corporea
1304 3237 1328 3278 c
1349 3217 1377 3278 1.

278 3353 370 3415 quem
385 3328 464 3395 vide.

727 3673 867 3739 CAPUT
890 3675 936 3738 II.

372 3843 423 3900 DE
440 3841 619 3898 MATERIA
636 3841 763 3895 PRIMA
780 3840 829 3895 ΕΤ
846 3839 982 3895 FORMA
1000 3838 1285 3895 SUBSTANTIALI.

324 3986 375 4049 18.
399 3980 668 4048 Considerabimus
686 3978 719 4042 in
742 3978 800 4042 hoc
820 3976 1044 4062 eapiteeadem
1067 3977 1129 4042 duo
1148 3977 1299 4063 principia
1313 3999 1382 4062 quae

197 4113 200 4120 “
277 4097 311 4160 in
335 4094 529 4181 praecedeuti,
556 4092 609 4156 sed
629 4099 794 4175 utrumque
818 4089 850 4152 in
874 4112 916 4169 se,
937 4089 976 4155 ad
1002 4089 1246 4174 cognoscendam
1273 4111 1381 4152 eorum

278 4217 419 4273 naturam
434 4215 465 4270 et
480 4203 652 4270 essentiam.
676 4201 781 4278 Quum
797 4209 900 4265 autern
914 4201 974 4265 iam
989 4201 1218 4286 probaverimus
1233 4208 1381 4265 neutrum

279 4340 482 4406 possoperse
497 4317 625 4380 existere
639 4312 765 4400 physice
780 4311 856 4376 etin
872 4321 983 4393 natura
997 4334 1109 4390 rerum,
1126 4313 1201 4376 satis
1219 4321 1303 4396 patet
1324 4334 1381 4376 nos
1427 4371 1448 4389 ,χ
