3200 4984
284 384 349 446 310
641 400 685 441 nn
701 398 820 442 rursus
834 394 1024 441 connisum.
1226 372 1311 455 [car.
1328 390 1384 434 111.

286 578 452 643 extendens
481 576 684 641 ubicationem
709 573 830 639 mobilis
856 571 1021 638 successive
1045 592 1101 655 per
1125 571 1258 656 spatium
1277 591 1293 634 a
1312 590 1384 633 con-

285 691 382 755 tineat
396 690 490 754 alium
505 696 623 753 motum
639 686 852 751 extendentem
867 684 1069 748 ubicatiouem
1084 682 1206 747 mobilis
1220 681 1386 747 successive

286 825 341 887 per
356 802 489 887 epatium
502 822 531 867 a.
577 800 711 884 Tempus
730 807 833 863 autem
847 818 909 882 quo
923 795 1109 882 percurritur
1128 796 1260 880 spatium
1274 816 1295 856 u
1308 792 1386 859 acci·

287 915 372 1000 pitur
385 914 543 978 arbitrario
558 935 613 998 pro
628 912 754 977 unitate.

330 1026 436 1091 Potest
461 1026 552 1089 etiam
577 1024 682 1089 relatio
708 1022 854 1108 temporis
875 1021 912 1085 sd
934 1031 1051 1085 motum
1073 1019 1133 1084 alio
1155 1019 1245 1084 modo
1265 1018 1385 1085 deduci.

288 1136 369 1201 Nam
385 1138 418 1203 iu
436 1160 482 1215 eo,
502 1136 586 1223 quod
605 1148 743 1199 movetur
762 1133 908 1213 localiter,
927 1133 1058 1197 habetur
1076 1132 1201 1196 materia
1220 1141 1252 1196 et
1270 1132 1385 1196 forma:

288 1249 328 1313 ad
338 1251 496 1317 materiam
510 1247 642 1333 pertinet
656 1249 716 1326 abi,
728 1246 867 1311 undeest
881 1243 964 1329 quod
979 1243 1090 1309 mobile
1099 1244 1133 1308 in
1143 1255 1231 1308 motu
1245 1244 1386 1308 extendat

289 1362 422 1447 seipsum
436 1359 632 1425 materialiter
647 1359 684 1423 de
698 1360 749 1422 ubi
762 1359 795 1421 in
810 1359 878 1422 ubi:
901 1357 941 1421 ad
954 1357 1084 1421 formam
1097 1357 1230 1441 pertinet
1244 1378 1343 1440 agere,
1356 1371 1387 1419 et

289 1473 399 1538 habere
419 1473 534 1558 quondo
549 1472 597 1536 sui
613 1480 698 1536 actus
707 1497 727 1549 ;.
739 1478 770 1534 et
785 1470 863 1549 ideo,
884 1469 956 1533 dum
978 1469 1077 1533 forma
1095 1469 1171 1554 dans
1190 1492 1255 1533 esse
1269 1467 1387 1548 mobili,

290 1594 408 1651 mutato
422 1588 473 1650 ubi
487 1607 551 1650 suae
565 1584 707 1663 materiae,
722 1584 787 1668 agit
801 1606 838 1647 ex
852 1583 920 1646 aliis
935 1592 966 1646 et
981 1582 1047 1646 aliis
1062 1582 1185 1667 punctis
1205 1583 1296 1668 spatii
1309 1582 1387 1646 rela-

289 1698 354 1778 tivi,
369 1697 434 1762 eius
449 1705 535 1761 actus
550 1695 743 1761 accidentalis
763 1704 901 1759 mutetur
920 1695 1088 1759 mutatione
1108 1694 1262 1773 continua,
1277 1703 1309 1759 et
1324 1696 1389 1759 eius

289 1810 404 1895 quondo
428 1809 536 1894 accipit
560 1808 697 1872 ordinate
722 1807 983 1872 denominationes
1006 1806 1145 1871 relativas
1167 1807 1310 1887 diversas,
1334 1830 1388 1893 per

289 1945 365 2009 quas
385 1921 582 1987 constituitur
604 1920 721 1985 ratione
741 1920 895 1984 diversum
910 1942 928 1983 a
942 1920 1041 2004 seipso
1061 1919 1229 1984 secundum
1252 1920 1339 2005 prius
1358 1929 1389 1983 ct

289 2041 368 2121 post.
412 2034 516 2119 Atque
529 2032 588 2098 boe
603 2033 694 2097 modo
709 2056 744 2097 ex
758 2042 847 2097 motu
861 2033 1001 2117 sequitur
1014 2041 1147 2117 tempus,
1158 2031 1205 2097 vel
1218 2031 1322 2117 potius
1336 2054 1390 2116 per

289 2154 408 2211 motum
422 2145 523 2230 ipsum
538 2145 712 2210 extenditur
725 2154 849 2229 tempus
864 2143 984 2208 mobilis
997 2129 1036 2208 in
1045 2153 1142 2209 motu.
1186 2144 1297 2230 Itaque
1311 2144 1390 2209 sicut

288 2257 414 2323 variatio
428 2257 609 2322 ubieationis
623 2256 754 2322 relativae
768 2257 841 2321 facit
856 2255 1061 2320 extensionem
1075 2257 1260 2323 materialem
1277 2265 1389 2337 motus,

289 2370 333 2434 ita
353 2369 476 2435 variatio
503 2368 706 2454 quandeitatis
729 2369 802 2433 facit
828 2368 894 2433 eius
913 2368 1113 2449 durationem,
1134 2393 1189 2434 seu
1207 2371 1272 2435 eius
1286 2379 1390 2434 exten·

291 2483 406 2546 sionem
432 2481 602 2548 formalem.
645 2482 702 2545 Est
725 2491 829 2546 autem
854 2489 957 2545 motus
982 2489 1070 2545 tanto
1094 2481 1251 2562 intensior,
1275 2493 1391 2568 quanto

291 2595 390 2679 magis
410 2594 547 2659 extendit
572 2594 761 2659 ubicationes
786 2593 909 2657 mobilis
934 2594 1136 2678 comparative
1155 2594 1194 2659 ad
1213 2595 1279 2660 eius
1294 2617 1392 2679 quan-

291 2708 436 2773 deitates:
459 2708 552 2788 unde,
574 2708 600 2773 si
620 2706 754 2773 extensio
779 2706 930 2772 ubicativa
953 2718 1053 2771 motus
1079 2706 1197 2771 dicatur
1215 2731 1240 2787 a,
1255 2708 1392 2772 extensio

291 2819 429 2883 durativa
444 2828 467 2898 t,
483 2818 624 2884 velocitas
638 2841 668 2899 a,
683 2818 741 2884 erit
755 2818 899 2883 velocitas
913 2819 991 2883 ratio
1008 2819 1193 2884 extensionis
1206 2844 1222 2885 a
1236 2820 1275 2884 ad
1288 2829 1392 2884 exten-

291 2931 407 2995 sionem
422 2940 435 2995 t
443 2956 453 3010 ς
476 2938 506 2995 et
521 2931 564 2997 sie
574 2930 745 2995 habebitur.

691 3092 720 3133 a,
902 3089 919 3131 a

693 3138 789 3232 ΞΝ,
805 3117 994 3230 undet-ft.

330 3298 497 3365 intensitas
505 3302 601 3385 igitur
609 3310 711 3365 motus
723 3300 922 3366 constituitur
932 3323 987 3386 per
998 3301 1146 3366 rationem
1155 3302 1246 3387 spatii
1259 3303 1393 3388 percursi

293 3411 332 3477 ad
346 3420 470 3496 tempus
484 3435 546 3498 quo
560 3412 755 3497 percurritur,
771 3412 1028 3497 quemadmodum
1043 3413 1153 3478 docent
1167 3415 1259 3479 etiam
1273 3415 1394 3480 maclia-

293 3522 356 3608 nici
364 3549 381 3613 r¹
395 3532 516 3608 tempus
531 3533 634 3588 autem
648 3523 835 3588 imbibitur*
849 3524 924 3588 adeo
943 3525 1051 3589 intime
1065 3525 1098 3589 in
1112 3526 1180 3610 ipsa
1193 3535 1296 3591 motus
1315 3527 1394 3591 enti-

328 3639 427 3732 ⁸''lion
438 3691 521 3746 parva
533 3673 579 3729 hie
590 3674 676 3731 oritur
687 3673 837 3735 difficultas
865 3673 906 3729 Si
919 3674 992 3729 enim
1003 3680 1118 3748 tempus,
1130 3676 1203 3748 quod
1214 3681 1256 3731 est
1267 3694 1394 3734 numerare

294 3766 392 3830 motis,
411 3760 509 3832 accipit
527 3778 583 3817 esse
601 3779 618 3815 a
635 3766 721 3830 motu,
740 3761 861 3832 sequitur
877 3768 983 3817 motum
1000 3762 1192 3817 communicari
1209 3762 1394 3832 instantanee3

295 3865 371 3903 secus
384 3848 457 3909 enim
469 3847 612 3903 haberetur
623 3851 729 3921 tempus
741 3853 805 3903 ante
816 3854 929 3917 motum,
941 3848 1069 3908 videlicet
1079 3855 1186 3922 tempus
1203 3850 1257 3923 quo
1272 3869 1395 3908 commu·

295 3931 401 3987 nicatur
414 3938 511 3987 motus
547 3931 576 3987 N
576 3950 611 3987 on
629 3932 739 3988 videtur
756 3938 848 3989 autem
859 3952 937 4006 posse
953 3934 1063 3991 admitti
1078 3935 1288 3991 communicatio
1304 3942 1395 3991 motus

294 4018 473 4089 instantanee,
486 4019 516 4075 id
527 4024 568 4075 est
579 4020 698 4093 rigorose
709 4019 739 4075 in
746 4019 867 4090 instanti,
877 4020 950 4092 quod
960 4021 998 4075 sit
1009 4020 1140 4077 terminus
1151 4022 1287 4094 temporis
1322 4022 1395 4077 Nam

297 4122 406 4161 causare
417 4113 523 4161 motum
535 4107 648 4163 localem
660 4112 702 4162 est
714 4125 822 4163 cerasum
831 4107 950 4180 aliquam
961 4108 1148 4164 velocitatem:
1166 4114 1204 4178 at,
1214 4126 1299 4180 quum
1308 4108 1339 4165 in
1346 4126 1395 4164 ve·

296 4191 406 4247 locitate
418 4192 531 4265 eogitari
542 4194 646 4265 possint
661 4194 760 4265 gradus
773 4194 883 4264 infiniti,
903 4194 974 4248 sicut
991 4194 1021 4249 in
1035 4194 1172 4265 continuo,
1184 4201 1213 4251 et
1223 4195 1294 4251 aetio
1306 4197 1395 4253 conti·

296 4284 379 4335 nuata
389 4284 467 4334 tanto
478 4280 565 4351 magis
576 4285 674 4352 augeat
687 4281 869 4350 velocitatem,
885 4287 986 4354 quanto
1002 4282 1089 4355 magis
1102 4282 1282 4353 continuatur,
1294 4290 1396 4357 quanto

296 4364 386 4417 minus
398 4364 504 4421 durabit
515 4370 598 4433 aetus,
611 4382 691 4437 aquo
703 4368 859 4439 producitur
866 4369 1003 4438 velocitas,
1013 4374 1090 4427 tanto
1101 4370 1191 4429 minor
1198 4370 1250 4425 erit
1258 4371 1395 4428 velocitas
