3200 4984
212 419 291 463 car.
306 398 346 483 a]
544 420 591 463 os
607 420 806 465 suessionis
823 420 1009 465 cosroanr.
1259 403 1322 466 117

212 584 274 649 Sed
289 584 399 665 dicere,
415 607 478 649 non
493 586 559 649 esse
574 586 685 650 realem
705 586 925 665 extensionem,
942 586 1001 651 nisi
1022 586 1062 655 sit
1082 585 1256 667 materialis,
1272 597 1319 651 est

212 702 316 780 aperte
344 694 466 774 falmm,
494 705 526 759 et
554 698 692 760 continet
720 698 902 781 petitionem
931 698 1106 783 principii.³
1128 698 1186 762 Est
1215 708 1318 763 autem

211 816 316 891 aperte
345 807 476 886 falsum;
513 808 586 893 quia
614 817 738 893 tempus
767 809 889 872 realiter
918 809 1076 872 extensum
1106 831 1168 873 non
1199 818 1319 873 constat

212 918 314 1003 aliqua
328 918 464 997 materia,
477 927 508 981 et
522 928 625 983 motus
635 920 758 983 realiter
766 930 920 998 extensus,
934 919 1004 983 lic'et
1015 920 1135 983 dicatur
1145 920 1318 1001 materialis,

213 1030 285 1113 quia
299 1052 317 1092 a
332 1030 459 1093 materia
473 1030 638 1115 perficitur,
655 1039 756 1094 tamen
775 1034 907 1095 nonest
925 1030 1091 1097 materialis
1108 1031 1209 1115 q'uoad
1232 1051 1318 1101 suam

213 1142 443 1208 extensionem:
464 1144 495 1204 ¹et
517 1142 686 1225 generatim
701 1141 808 1206 relatio
830 1141 947 1206 habens
962 1142 1110 1205 terminos
1127 1142 1229 1209 ‘reales‘
1245 1164 1317 1206 cum

213 1252 503 1317 fundamento'reali
517 1257 564 1316 est
578 1253 678 1317 realis.
975 1257 978 1261 ’

213 1365 221 1425 Ῐ
258 1368 311 1429 33.
335 1364 471 1428 Tandem
495 1364 521 1427 si
543 1376 649 1429 auctor
664 1365 840 1444 contendat,
857 1364 960 1428 deesse
981 1363 1218 1429 fundumentum
1238 1366 1318 1429 reale

213 1478 369 1542 relationis
385 1478 536 1541 distantiae
550 1478 583 1541 in
594 1499 697 1556 vacuo,
707 1500 742 1541 eo
758 1477 842 1563 quod
858 1500 985 1541 vacuum
1001 1478 1041 1540 sit
1048 1506 1049 1511 ¹
1050 1481 1161 1561 purum
1176 1478 1317 1555 nihilum-3

213 1593 289 1652 t'uuc
306 1590 346 1652 ad
365 1612 437 1652 eum
454 1588 620 1673 pertinebit
640 1589 771 1652 refutare
793 1589 832 1653 P.'
845 1589 985 1651 Lessiurn
1004 1598 1035 1653 et
1054 1588 1140 1668 ahoe,
1157 1590 1210 1673 q'ui
1228 1590 1316 1653 reali-

214 1711 309 1764 tatem
332 1701 424 1784 spatii
449 1701 536 1764 vacui
559 1700 726 1764 clarissime
750 1700 940 1781 ostendunt:
971 1700 1064 1784 quod'
1077 1700 1137 1764 nisi
1161 1701 1262 1780 faciat,
1287 1708 1317 1765 et

213 1812 337 1896 quidem
353 1812 521 1890 efficaciter,
539 1835 708 1897 numquam
722 1812 835 1896 poterit
850 1820 919 1875 tuto
934 1811 965 1873 iu
982 1812 1039 1875 hac
1054 1812 1170 1891 difficili
1192 1814 1318 1877 materia

214 1924 395 1990 ratiocinari.
441 1924 565 2007 Agitur
579 1924 662 1986 enim
688 1923 726 1986 de
751 1923 817 2007 ipso
842 1922 926 1986 fonte
950 1924 985 1986 ae
1002 1921 1203 1987 fundamento
1222 1924 1317 1987 totius

214 2036 441 2120 disputationis.
487 2034 548 2098 Sed
562 2035 720 2099 veniamus
734 2034 773 2099 ad
787 2034 1154 2098 tertinm'inconvenieas
1182 2036 1184 2043 ’
1214 2062 1218 2089 .·

215 2173 218 2179 ·
258 2148 317 2211 34
338 2147 478 2232 Systema
501 2147 722 2211 elementorum
752 2141 946 2230 simplicium,
973 2145 1084 2230 inquit,
1112 2148 1238 2210 volvitur
1261 2170 1318 2230 per

214 2260 355 2323 circulum
369 2260 515 2323 vitiosum.
562 2259 642 2321 Nam
663 2258 702 2321 ad
725 2256 934 2341 explicandam
952 2256 1156 2321 extensionem
1179 2258 1318 2341 confugit

215 2370 255 2433 ad
280 2370 378 2433 ideam
404 2370 504 2453 spatii,
529 2370 691 2448 distantiae,
717 2380 826 2431 motus
878 2368 973 2452 Atqui
987 2368 1029 2431 'hi
1056 2375 1221 2452 conceptus
1245 2381 1318 2433 sunt

214 2480 423 2565 impossibiles
435 2481 500 2543 sine
514 2482 625 2565 praevia
635 2480 819 2543 extensionis
834 2479 923 2543 idea·
957 2480 1050 2563 Ergo.
1097 2478 1202 2543 Minor
1214 2488 1317 2564 patet;

214 2593 269 2676 qui
296 2594 381 2655 euim
398 2592 486 2655 'dicit
515 2592 658 2675 spatium,
683 2614 719 2654 eo
746 2591 815 2675 ipso
845 2591 906 2653 iam
937 2590 1010 2654 dicit
1040 2590 1263 2656 extensionem:
1287 2603 1318 2655 et

214 2702 361 2765 distantia
382 2702 490 2787 nequit
512 2704 640 2786 concipi,
661 2701 720 2765 nisi
738 2726 793 2787 per
814 2702 1020 2766 extensionem
1031 2702 1204 2787 'quamdam
1224 2705 1318 2769 inter-

216 2811 356 2895 positam,
373 2823 426 2876 ant
441 2812 690 2897 interponibilem
703 2813 786 2877 inter
799 2813 876 2876 duos
891 2814 1049 2879 terminos.
1124 2812 1141 2871 .'
1190 2854 1192 2865 ·
1220 2860 1224 2872 .

262 2924 443 3009 Respondes
457 2948 487 2987 n.
503 2926 577 2988 Ant.
623 2924 673 2987 Ad
693 2925 759 2988 eins
774 2926 893 3009 probat.
910 2926 1002 2989 traua.
1023 2927 1102 2993 Mas.
1117 2934 1148 3001 ct
1162 2950 1234 3012 saepo
1248 2929 1318 2993 mia

216 3035 267 3098 Ad
288 3035 389 3098 'huius
417 3035 627 3119 probationem
657 3038 779 3099 concedo
801 3039 933 3121 primam
956 3046 1076 3120 partem
1104 3045 1135 3102 et
1172 3040 1319 3124 distinquo

214 3148 389 3210 secundam:
413 3146 559 3210 distantia
590 3147 696 3231 nequit
719 3148 849 3231 concipi,
873 3148 935 3211 nisi
960 3158 996 3211 ut
1022 3148 1146 3214 extensa
1168 3174 1247 3215 conc.
1273 3151 1319 3215 di-

216 3258 331 3321 stantia
354 3258 461 3342 nequit
482 3258 612 3341 concipi,
639 3258 699 3321 nisi
724 3282 780 3343 per
803 3260 988 3324 extensionis
1017 3261 1116 3325 ideam
1145 3266 1321 3327 anteriores

217 3368 293 3433 ideae
307 3368 460 3432 distantiae
474 3391 538 3452 aeq.
555 3378 616 3432 ont.
631 3377 662 3433 et
677 3392 860 3453 consequens.
930 3418 932 3425 s
1184 3368 1186 3373 ’

242 3480 498 3543 ·'l'ransmisimus
521 3481 665 3544 maiorem
675 3506 685 3558 3
720 3482 796 3565 qnid
820 3481 902 3545 enim
926 3491 972 3546 est
996 3483 1080 3548 istud
1104 3480 1257 3570 consspere
1282 3488 1323 3551 ad

215 3592 311 3656 ideam
319 3591 420 3674 spatii,
431 3590 595 3668 distantiae,
607 3600 709 3655 motus
721 3591 735 3654 i
777 3592 839 3669 Qui
851 3593 933 3657 enim
946 3594 1029 3673 dicit,
1040 3618 1097 3659 nos
1107 3597 1272 3681 confugere
1281 3599 1320 3663 ab

217 3701 392 3767 extensione
402 3700 441 3764 ad
452 3702 586 3785 spatium
596 3702 742 3786 supponit
753 3704 962 3767 extensionem
973 3727 1037 3768 esse
1046 3704 1212 3770 terminum
1224 3706 1319 3792 aquo,

217 3821 249 3876 et
269 3813 402 3897 spatium
420 3834 486 3876 esse
503 3813 669 3876 terminum
684 3815 725 3877 od
737 3837 832 3896 quem.
868 3814 958 3891 Quia
971 3838 1046 3898 ergo
1060 3819 1135 3900 suga
1150 3817 1240 3882 debet
1254 3820 1320 3883 fieri

215 3947 272 4009 per
280 3924 427 3989 terminos
438 3924 604 4008 oppositos,
615 3926 762 4010 supponit
774 3925 981 3989 extensionem
993 3934 1024 3989 et
1036 3928 1169 4011 spatium
1179 3952 1244 3995 esse
1259 3941 1323 3995 ter*

216 4036 317 4102 minos
331 4034 497 4120 oppositos,
513 4044 566 4099 aut
582 4036 689 4100 saltem
705 4036 880 4102 distinctos,
921 4038 1027 4122 Atqui,
1042 4062 1079 4103 ex
1100 4040 1226 4105 auctore*
1241 4043 1312 4129 ipsq

215 4149 269 4230 qui
282 4147 354 4216 dicit
374 4148 504 4229 spatium
518 4147 590 4211 dicit
612 4149 817 4213 extensionem.
863 4146 1025 4224 Quomodo
1045 4173 1117 4237 ergo
1132 4152 1320 4239 fieri-potest

216 4257 291 4341 fuga
305 4257 587 4341 interutrumquei
628 4258 752 4323 Falsum
765 4267 812 4323 est
827 4282 900 4343 ergo
912 4261 996 4346 quod
1005 4262 1044 4327 ab
1058 4263 1126 4327 idea
1135 4262 1319 4333 extensionis

215 4369 420 4453 consumamus
434 4370 473 4432 ad
488 4369 588 4433 ideam
600 4370 701 4456 spatii.
747 4370 818 4450 Sed,
831 4371 903 4457 quia
912 4375 1048 4438 extensio
1063 4397 1127 4441 non
1142 4385 1187 4440 est
1199 4377 1318 4465 ‘aliquid
