3200 4984
155 393 156 398 η
205 368 275 411 oar.
292 347 332 432 1.]
572 367 689 412 aaron
706 365 938 412 annonarium.
1289 350 1306 408 7

204 557 301 620 quum
319 535 382 601 sint
398 535 547 622 principia
565 535 755 617 substantia,
770 545 801 600 et
822 534 995 599 substantia
1013 541 1145 619 nequeat
1166 533 1308 620 intelligi,

204 647 265 712 nisi
287 657 325 712 nt
353 649 507 713 resultans
529 671 565 713 ex
588 649 682 734 ipsia3
710 669 784 732 ergo
807 647 914 732 nequit
935 645 1065 710 alterum
1087 667 1124 709 ex
1145 646 1220 730 ipsis
1240 668 1308 711 esse

203 760 353 824 accidens.
383 759 425 824 lat
436 759 479 825 sic
490 760 577 824 nullo
587 769 678 844 pacto
692 766 822 844 possunt
836 757 1021 824 constituere
1031 757 1094 822 duo
1108 757 1192 824 entia
1206 757 1307 822 realia

250 871 299 934 ll.
326 870 482 947 Quaeritur
503 871 623 956 quinto,
638 880 738 936 atnam
759 893 811 934 aaa
831 870 919 948 reale,
935 869 971 932 de
992 890 1049 952 qam
1071 871 1180 954 opiter,
1189 871 1307 953 princi·

198 983 301 1066 pietur
315 1005 334 1044 a
343 984 493 1066 panemo
509 984 606 1048 activo
615 1001 674 1066 per
688 983 831 1046 actionem
839 981 995 1065 propriam
1001 982 1147 1064 principii
1160 983 1258 1045 activi.

249 1091 433 1176 Respondeo
461 1093 613 1177 negative.
672 1093 754 1157 Nam
785 1092 865 1156 actio
893 1091 1017 1176 propria
1045 1091 1188 1176 principii
1217 1092 1307 1159 activi

204 1203 369 1268 materialis
398 1210 445 1268 est
474 1203 635 1289 productio
657 1213 759 1268 motus
781 1203 887 1268 localia
907 1204 946 1267 ad
967 1213 1061 1268 extra.
1107 1203 1183 1268 Haec
1205 1213 1307 1270 autem

204 1313 364 1398 productio
389 1314 506 1380 nullam
529 1314 621 1380 habet
643 1315 822 1383 relationem
843 1323 876 1379 et
897 1315 1110 1380 habitudinem
1132 1315 1172 1380 ad
1193 1317 1307 1380 consti·
1416 1403 1420 1407 ‚

204 1423 356 1489 tuendum
371 1447 427 1490 ens
442 1425 652 1491 substantiale.
698 1427 848 1492 Praeterea
869 1447 959 1511 agere
980 1434 1027 1491 est
1047 1427 1205 1512 proprium
1223 1428 1308 1512 prin·

205 1535 278 1620 cipii
292 1536 382 1601 activi
397 1537 541 1623 completi
556 1538 589 1603 in
604 1561 661 1603 sno
675 1561 740 1604 esse
755 1538 851 1617 reali3
873 1539 959 1624 atqui
974 1538 1160 1625 principium
1174 1540 1307 1604 activum

205 1647 360 1712 materiale
374 1669 438 1713 non
450 1657 498 1713 est
508 1649 694 1734 completum
706 1649 739 1714 in
749 1672 805 1714 suo
817 1670 882 1714 esse
890 1649 974 1730 reali,
984 1649 1089 1714 nisiex
1100 1651 1309 1736 suppositione

205 1759 363 1844 quodiam
379 1739 585 1826 constituatur
599 1784 654 1826 ens
669 1762 836 1826 reale-cum
850 1782 1001 1827 concursu
1015 1761 1141 1827 alterius
1154 1763 1306 1849 principii.

205 1869 289 1954 Ergo
304 1871 390 1955 prius
404 1859 451 1936 est
466 1894 532 1937 esse
546 1895 601 1936 ens
615 1872 695 1956 reale
709 1895 802 1958 quam
817 1873 884 1938 eins
898 1871 1050 1939 actionem
1067 1874 1189 1941 realem.
1234 1877 1310 1940 Non

206 2003 279 2064 ergo
294 2004 349 2046 ens
364 1983 444 2047 reale
462 1984 664 2068 principiatur
678 2007 695 2049 a
711 1984 863 2072 principio
880 1986 979 2051 activo
998 2009 1054 2072 per
1072 1987 1138 2052 eius
1157 1988 1307 2053 actionem

207 2093 328 2158 realem.

252 2207 303 2269 12.
327 2203 485 2280 Quaeritur
502 2214 598 2286 serto,
612 2215 711 2271 atram
729 2229 780 2272 aaa
798 2209 878 2272 reale
888 2209 1063 2292 predictum
1075 2211 1274 2295 principiatur
1290 2235 1309 2274 a

200 2317 350 2400 princepae
358 2318 479 2400 paacioa
489 2339 547 2399 per
555 2320 723 2401 puscionem
737 2319 881 2383 actualem
894 2322 927 2382 in
940 2341 973 2383 eo
986 2328 1140 2403 receptam.

251 2427 434 2512 Respondco
459 2430 609 2512 negative.
667 2430 748 2494 Nam
777 2430 878 2514 passio
907 2430 1034 2495 actualis
1063 2432 1247 2516 receptibilis
1275 2433 1308 2498 in

206 2538 357 2625 principio
371 2541 492 2625 passivo
506 2549 553 2604 est
568 2549 672 2604 motus
685 2540 790 2605 localis
805 2541 843 2605 ab
858 2551 944 2605 extra
957 2540 1188 2608 determinatus.
1234 2544 1309 2608 llaec

208 2660 314 2716 autem
327 2651 461 2736 receptio
475 2661 579 2716 motus
596 2675 660 2716 non
680 2652 773 2717 habet
792 2652 1021 2738 proportionem
1036 2652 1168 2738 aliquam
1183 2654 1223 2718 ad
1237 2675 1309 2719 con·

207 2763 399 2828 stituendum
421 2785 477 2828 ens
500 2763 710 2841 substantiale,
727 2763 781 2828 sed
797 2772 920 2828 tantum
942 2762 982 2827 ad
1003 2764 1183 2828 mutandam
1205 2765 1309 2829 ubico-

207 2875 324 2939 tionem
339 2874 430 2939 entis.
474 2874 516 2938 Et
534 2874 603 2938 ideo
621 2883 724 2938 motas
739 2874 829 2938 realis
845 2873 907 2937 iam
926 2873 1136 2958 praesupponit
1156 2897 1211 2938 ens
1230 2873 1311 2939 reale

207 2986 330 3050 realiter
345 2986 512 3065 nbicatum,
529 2995 565 3050 nt
579 2987 677 3072 possit
691 2985 827 3050 localiter
840 2985 965 3050 moveri.
1009 2986 1091 3050 Nam
1107 2986 1172 3070 pati
1186 2987 1312 3073 physice

207 3107 239 3162 et
265 3097 386 3162 realiter
411 3106 459 3161 est
485 3097 625 3182 quaedam
648 3096 835 3161 modificatio
859 3096 986 3182 physica
1010 3106 1042 3160 et
1067 3096 1157 3162 realis
1185 3098 1310 3183 exigens

209 3208 382 3274 subiectum
410 3209 573 3295 physicum
603 3221 635 3273 et
663 3207 751 3272 reale.
803 3207 899 3292 Atqui
928 3206 1113 3292 principium
1143 3208 1308 3293 passivum,

208 3320 423 3392 antecedenter
445 3321 484 3385 ad
507 3342 691 3385 concursum
711 3319 852 3405 principii
867 3319 967 3399 activi,
982 3341 1046 3382 non
1069 3328 1116 3383 est
1138 3320 1309 3385 subiectum

209 3430 371 3518 physicum
401 3440 432 3496 et
461 3431 551 3510 reale,
578 3431 650 3516 quia
678 3453 741 3496 non
771 3442 819 3494 est
847 3451 903 3494 ena
931 3430 1011 3494 reale
1039 3452 1076 3495 ex
1107 3430 1214 3510 dictis3
1236 3455 1310 3518 ergo

209 3542 423 3608 antecedenter
438 3543 477 3607 ad
492 3564 674 3607 concursum
689 3542 833 3628 principii
847 3541 938 3606 activi
952 3542 1059 3626 nequit
1073 3542 1184 3607 realem
1195 3545 1311 3628 passio·

207 3675 279 3718 nem
297 3653 442 3738 recipere.
486 3654 572 3739 Ergo
587 3654 711 3739 quando
728 3654 764 3718 fit
783 3653 916 3740 receptio
933 3653 1083 3739 passionis
1102 3655 1240 3736 alicuius,
1256 3679 1311 3722 ens

208 3764 288 3830 reale
309 3765 371 3830 iam
393 3765 519 3850 ponitur
539 3765 573 3829 in
596 3788 628 3830 se
650 3766 863 3830 constitutum.
907 3765 990 3849 Ergo
1013 3786 1068 3830 ens
1089 3766 1179 3847 reale,
1191 3769 1229 3832 de
1249 3792 1313 3854 quo

208 3877 321 3962 agitur,
351 3898 415 3940 non
448 3876 650 3961 principiatur
675 3899 693 3940 a
721 3876 873 3961 principio
904 3876 1023 3961 passivo
1055 3899 1110 3962 per
1138 3879 1311 3963 passionem

209 3988 368 4065 actualiter
382 3995 547 4073 receptam.

254 4102 304 4165 13.
350 4099 508 4177 Quaeritur
521 4099 662 4184 septimo,
677 4101 710 4163 ia
729 4121 786 4184 qao
803 4121 909 4184 ponere
927 4101 1112 4166 camelitatis
1127 4106 1312 4190 principiam

208 4213 335 4275 activam
360 4220 389 4277 et
408 4214 563 4296 passivum
592 4214 757 4295 canapireat
786 4212 828 4275 ad
849 4213 1089 4297 principiandcm
1116 4217 1311 4282 substantiam

209 4323 399 4388 materialem.
