3200 4984
209 421 278 465 can.
295 400 367 485 111.]
549 421 668 465 annun
685 420 918 465 siruamus.
1270 400 1310 463 ⁷5

208 590 300 654 etiam
316 588 490 668 eiiciantur,
503 588 552 653 vel
566 612 584 653 a
599 611 690 653 causa
703 590 874 654 extrinseca
890 588 1009 672 (calore,
1025 592 1104 668 adre,
1119 588 1314 652 electricitatc

209 703 280 784 etc.)
297 700 501 765 extrahuntur
514 722 532 765 e
546 722 672 785 corpore
686 699 869 782 vegetabili3
892 699 961 764 ideo
975 722 1038 763 non
1050 707 1127 784 puto
1135 699 1313 785 ponendum

209 836 275 878 esse
296 812 422 898 aliquod
441 812 627 897 principium
648 812 855 896 vegetativum
874 811 907 876 in
928 812 996 897 ipso
1011 811 1181 897 vegetabili,
1204 820 1315 899 praeter

210 924 421 1009 organismum
434 924 538 1009 ipsum
552 922 741 1009 vegetabilis,
757 924 812 1010 qui
827 924 854 987 si
869 923 909 988 sit
924 923 1027 988 debito
1042 924 1133 988 modo
1148 923 1315 1009 dispositus

210 1035 303 1101 habet
325 1036 405 1101 vires
434 1036 609 1101 attractivas
637 1044 669 1100 et
691 1036 859 1121 repulsivas
882 1035 941 1101 sibi
963 1035 1177 1101 convenientes
1199 1044 1235 1099 ut
1257 1036 1315 1100 cir·

211 1148 396 1213 culationem
418 1157 522 1213 causet
544 1147 693 1228 alimenti,
717 1156 749 1211 et
769 1147 874 1211 omnia
895 1170 964 1232 quae
986 1147 1060 1211 inde
1074 1156 1314 1231 consequuntur.

212 1260 251 1324 In
286 1260 483 1325 cadaveribus
505 1260 645 1324 videmus
681 1282 814 1324 crescere
850 1258 987 1339 barbam,
1014 1268 1178 1344 postquam
1214 1258 1316 1322 anima

211 1372 338 1437 cessavit
359 1372 488 1437 influere
510 1373 543 1436 in
565 1392 686 1457 corpus.
731 1372 863 1456 Vegetat
885 1393 958 1456 ergo
980 1392 1091 1455 corpus
1109 1370 1175 1436 sine
1194 1371 1314 1434 anima:

212 1504 285 1569 ergo
300 1483 402 1549 anima
417 1506 480 1548 non
495 1493 542 1549 est
555 1484 742 1569 principium
754 1484 969 1569 vegetativum.
1002 1482 1095 1560 Quod
1107 1484 1133 1547 si
1143 1483 1202 1547 hoc
1213 1481 1317 1547 locum

212 1594 304 1659 habet
319 1596 352 1659 in
367 1595 502 1659 hominis
517 1596 670 1674 cadavere,
682 1595 755 1681 quia
769 1594 871 1659 adbuc
882 1595 994 1660 retinet
1005 1594 1216 1679 organismum
1227 1616 1316 1678 vege-

212 1707 353 1785 tativum,
379 1706 461 1771 idem
485 1706 545 1771 dici
570 1716 673 1792 potest
696 1707 735 1771 de
757 1707 826 1771 aliis
850 1706 1082 1791 vegetabilibus.
1127 1706 1169 1771 Et
1194 1705 1318 1791 probari

212 1827 316 1904 potest
330 1841 367 1882 en
384 1841 420 1884 eo
442 1819 525 1904 quod
547 1819 625 1883 rami
647 1819 800 1899 arborum,
816 1841 912 1904 quum
936 1827 1116 1903 separantur
1138 1817 1177 1882 ab
1199 1817 1316 1898 arbore,

214 1937 345 2014 possunt
360 1952 450 2013 agere
464 1929 591 2009 radices,
606 1938 637 1994 et
651 1930 742 1995 flores
757 1930 888 2015 separati
903 1952 921 1993 a
935 1930 1049 2016 plantis
1063 1930 1097 1994 in
1112 1952 1191 2015 aqua
1210 1930 1319 1994 servati

215 2042 398 2107 evolvuntur
418 2050 451 2106 et
467 2042 666 2127 aperiuntur:
689 2042 772 2127 quod
795 2041 937 2127 nequiret
960 2042 1036 2121 fieri,
1056 2042 1082 2105 si
1106 2042 1241 2105 animam
1265 2042 1320 2105 ali·

216 2175 308 2237 quam
323 2151 471 2217 haberent
483 2152 641 2237 vegetalia.
687 2152 764 2218 Hac
777 2154 860 2217 enim
876 2153 987 2232 anima,
1003 2153 1030 2217 si
1052 2175 1113 2238 qua
1133 2162 1224 2233 esset,
1239 2163 1319 2219 esset

217 2288 289 2344 una,
307 2273 339 2329 et
357 2287 422 2329 non
441 2274 522 2329 esset
539 2265 707 2351 composita
729 2267 838 2351 (quum
858 2287 950 2329 omne
968 2264 1093 2353 physice
1113 2266 1319 2350 compositum

217 2386 335 2443 constet
350 2376 552 2461 cimeteria),
567 2377 626 2456 vel,
641 2377 668 2441 si
683 2386 764 2442 esset
777 2375 955 2461 composita,
971 2399 1035 2441 non
1049 2385 1151 2461 potest
1168 2377 1228 2441 dici
1243 2377 1319 2463 quid

217 2488 301 2552 aliud
323 2499 403 2552 esset
424 2497 535 2573 praeter
554 2487 638 2573 ipsas
659 2486 737 2553 vires
759 2488 894 2553 materiae
916 2472 1116 2572 organiaatae:
1140 2509 1212 2552 nam
1234 2488 1320 2553 nulla

217 2600 277 2663 alia
298 2609 344 2664 est
367 2600 465 2665 forma
487 2600 655 2685 composita
677 2600 709 2663 in
724 2599 866 2684 vegetali,
885 2608 922 2663 ut
944 2598 1009 2679 tali,
1025 2608 1134 2685 praeter
1155 2622 1231 2680 eam,
1252 2623 1319 2685 quse

217 2711 345 2777 resultat
359 2734 396 2776 ex
410 2712 476 2776 eius
490 2711 627 2791 materia,
643 2720 674 2775 et
688 2711 804 2776 viribus
819 2712 851 2775 in
866 2711 995 2775 materia
1008 2711 1074 2796 ipsa
1089 2712 1240 2777 radicatis.
1287 2712 1321 2776 Si

219 2844 290 2887 vero
314 2831 448 2907 ponatur
471 2823 574 2887 anima
599 2822 738 2908 quaedam
764 2846 834 2908 quae
859 2822 951 2887 addat
975 2822 1108 2909 aliquam
1132 2845 1241 2888 novam
1258 2824 1320 2888 vim

219 2933 335 2999 viribus
349 2935 525 3020 organismi,
541 2944 673 3019 ponetur
687 2933 804 3020 aliquid
818 2934 928 2999 inutile
943 2943 974 2999 et
988 2935 1226 2999 incommodum.
1266 2936 1320 3001 In·

220 3044 305 3126 utile,
328 3046 401 3131 quia
429 3045 470 3111 ad
498 3054 601 3110 motus
626 3045 737 3110 locales
762 3045 957 3130 explicandos
984 3047 1140 3111 sufficiunt
1163 3047 1323 3113 ordinariae

219 3156 308 3235 vires,
332 3179 400 3242 qua
425 3166 499 3221 sunt
524 3158 558 3221 in
587 3157 737 3221 materiali
766 3157 939 3222 substantia
967 3158 1154 3223 elementari.
1200 3160 1322 3225 Incom-

222 3269 358 3348 modum,
382 3269 454 3355 quia
483 3277 564 3333 creat
594 3267 806 3333 difficultatem
835 3270 914 3333 cirea
940 3271 1162 3353 vegetationem
1189 3273 1322 3356 partium

220 3389 440 3465 separatarum,
454 3390 486 3446 et
499 3381 580 3445 cirea
594 3381 818 3466 vegetationem
834 3381 996 3460 cadaveris,
1012 3404 1080 3467 quae
1100 3382 1200 3462 durat,
1216 3406 1323 3469 quam-

223 3490 278 3554 diu
291 3491 485 3575 organismos
500 3492 685 3556 sufficienter
699 3500 845 3557 servatur.

267 3602 359 3667 Unde
381 3603 474 3668 etiam
496 3604 530 3667 in
551 3603 736 3668 animalibus
757 3614 788 3669 et
810 3605 988 3670 hominibus
1010 3605 1121 3669 sufficit
1139 3606 1324 3692 principium

223 3713 427 3799 vegetativum
457 3737 534 3799 pure
562 3736 762 3801 corporeum:
800 3738 856 3780 nec
886 3738 964 3800 opus
992 3726 1039 3782 est
1068 3725 1104 3780 ut
1133 3718 1235 3783 anima
1260 3721 1327 3806 ipsa

221 3833 344 3909 vegetet
358 3848 479 3911 corpus,
493 3848 591 3912 quum
606 3826 639 3890 in
654 3848 780 3912 corpore
794 3827 862 3894 vivo
881 3827 920 3891 ad
941 3828 974 3892 id
991 3829 1143 3893 sufficiant
1160 3830 1234 3913 ipsae
1248 3832 1326 3897 vires

223 3938 360 4022 corporis
379 3939 560 4004 materiales.
604 3939 717 4003 Anima
737 3949 841 4004 autem
861 3939 964 4005 influit
979 3940 1011 4003 in
1026 3940 1248 4024 vegetationem
1263 3966 1327 4009 non

224 4058 382 4135 tamqnam
396 4050 581 4135 principium
596 4049 813 4135 vegetativum,
829 4050 882 4115 sed
897 4061 1054 4137 tamquam
1076 4051 1261 4138 principium
1278 4055 1326 4119 in-

225 4161 421 4226 formativum
436 4162 607 4241 continens,
629 4169 660 4225 et
682 4161 788 4226 fovens
810 4162 1030 4246 organismum,
1046 4172 1077 4227 et
1099 4164 1262 4231 admovens
1282 4167 1329 4231 illi

224 4272 417 4352 alimentum,
444 4281 482 4339 ut
511 4281 705 4337 conservetur
733 4281 826 4357 aptus
855 4273 893 4337 ad
919 4274 1110 4358 operationes
1133 4279 1328 4363 vegetativas,

229 4405 306 4468 quas
320 4407 383 4448 non
398 4384 673 4450 instrumentaliter
687 4393 820 4463 tanturn,
835 4385 888 4450 sed
902 4386 1067 4451 efficienter
1080 4388 1207 4473 perficit.
1246 4390 1330 4454 Nam
