3200 4984
181 472 183 476 Ι
219 410 292 455 car.
308 390 380 474 nn]
558 411 600 453 uu
617 408 822 454 suasrsnms
839 408 1020 451 corrosas.
1253 382 1317 448 233

217 576 375 661 tiusquam
399 576 559 661 repulsiva,
584 599 681 662 quum
710 577 833 661 pondus
861 576 995 660 corporis
1024 574 1065 638 sit
1094 572 1318 659 proportionale

104 690 108 701 '
218 710 347 753 numero
362 687 579 752 elementorum
603 688 815 767 materialium,
832 688 893 751 aive
908 709 1014 750 eorum
1028 687 1073 749 vis
1096 684 1135 748 sit
1150 684 1318 760 attractiva,

219 800 281 863 sive
304 800 468 885 repulsiva,
491 801 552 864 sive
577 802 683 879 maior,
708 800 771 863 sive
795 799 905 876 minor,
929 809 965 861 ut
989 820 1081 882 supra
1104 797 1320 881 explicavimu‘s

219 934 254 973 n.
270 914 344 975 129.
387 912 434 975 Ex
456 936 492 977 eo
505 921 616 976 'autem
639 911 722 997 quod
744 912 839 975 aether
861 911 901 974 sit
923 910 1168 993 imponderabilis,
1187 931 1248 972 non
1273 931 1319 971 se-

220 1021 327 1105 quitur
341 1022 484 1087 aetherem
505 1046 568 1086 non
582 1023 693 1087 habere
716 1044 806 1085 suum
821 1021 953 1106 pondus,
970 1020 1022 1083 sed
1045 1018 1183 1104 sequitur
1197 1028 1321 1082 tantum

221 1133 286 1197 eius
319 1134 440 1218 pondus
469 1156 532 1198 non
562 1136 640 1198 erse¹
660 1134 749 1198 nobis
778 1131 981 1216 cognoscibile
1014 1154 1049 1195 ac
1081 1131 1320 1195 determinabile.
1370 1124 1374 1130 ’

222 1244 314 1307 Ratio
329 1254 385 1323 est,
401 1246 473 1330 quia
495 1268 551 1309 nec
573 1268 736 1330 possumus
757 1245 890 1329 aliquam
912 1266 1044 1308 massam
1063 1242 1183 1307 aetheris
1204 1242 1238 1305 in
1256 1242 1321 1306 loco

222 1357 337 1420 aethere
363 1379 457 1421 vacuo
483 1367 649 1442 separatam
674 1357 821 1436 obtinere,
841 1379 898 1421 nec
919 1355 1122 1441 praescindere
1144 1354 1183 1418 ab
1204 1355 1324 1418 actione

224 1492 332 1533 massae
355 1469 478 1534 aetheris
501 1470 704 1555 undequaque
727 1471 806 1534 circa
827 1492 886 1534 nos
909 1468 1012 1533 diffusi
1037 1477 1068 1531 et
1091 1468 1189 1552 ipsam
1211 1476 1323 1531 terram

222 1581 420 1665 penetrantis.
465 1582 499 1645 Si
514 1592 616 1653 autem
630 1582 794 1647 haberetur
808 1581 918 1646 modus
939 1579 1070 1644 faciendi
1085 1603 1214 1644 vacuum
1229 1579 1324 1645 aetbe·

224 1693 276 1771 ris,
292 1693 370 1759 sicut
392 1692 541 1757 habemus
563 1694 689 1758 modum
711 1694 840 1759 faciendi
863 1715 991 1756 vacuum
1015 1692 1103 1772 aeris,
1119 1692 1325 1756 inveniremus

224 1814 301 1867 tuuc
315 1814 416 1867 totum
430 1804 555 1889 pondus
567 1805 698 1883 aetheris,
713 1805 785 1869 licet
800 1805 960 1888 hucusque
974 1803 1233 1887 imponderabilis.

271 1919 344 1981 137.
368 1917 546 2000 Replicabia.
593 1917 626 1980 Si
651 1917 748 1981 aetber
775 1916 814 1979 sit
838 1926 922 1979 totus
946 1938 1021 1999 pure
1047 1914 1235 1993 attractivus,
1262 1935 1325 1977 non

226 2027 284 2092 erit
309 2050 364 2092 nec
390 2029 466 2113 quid
488 2028 629 2107 solidum,
649 2051 705 2092 neo
729 2028 805 2113 quid
828 2027 995 2112 liquidum,
1013 2050 1069 2091 nec
1089 2026 1164 2112 quid
1184 2026 1326 2091 fluidum.

228 2141 298 2208 Hoc
314 2150 416 2204 autem
432 2149 592 2224 repugnat.
639 2140 721 2216 Quid
737 2140 819 2203 enim
836 2140 918 2203 aliud
930 2141 1011 2203 erit?

272 2252 453 2336 Respondeo
467 2275 573 2316 verum
595 2275 669 2331 esse,
687 2252 831 2315 aetherem
848 2274 910 2315 non
925 2274 991 2315 esse
1008 2251 1149 2330 solidum,
1165 2273 1221 2315 nec
1236 2251 1328 2336 liqui-

229 2364 313 2441 dum,
328 2386 386 2427 nec
406 2363 536 2427 liuidum
555 2364 752 2447 expansivum
767 2362 807 2426 ad
828 2363 954 2426 modum
977 2385 1147 2447 corporum,
1163 2362 1328 2446 dequibus

230 2498 322 2559 supra
351 2483 453 2539 actum
482 2483 536 2538 est.
572 2475 686 2538 ·Nihil
715 2483 819 2537 tamen
853 2474 964 2552 obstat,
993 2475 1158 2559 quominus
1191 2474 1329 2538 dicamus

231 2587 375 2651 aetberem
402 2609 467 2650 esse
491 2585 655 2669 liquidum,
681 2584 855 2669 liquiditate
878 2585 1009 2669 quadam
1036 2586 1084 2648 sui
1113 2585 1251 2668 generis3
1282 2586 1329 2649 vel

230 2697 370 2775 fluidum,
394 2706 584 2761 nontamen
608 2699 816 2780 expansivum.
859 2697 901 2759 Et
924 2695 1047 2780 quidem
1072 2685 1204 2760 vidimus
1227 2720 1330 2782 supra,

232 2809 345 2893 requiri
360 2808 438 2873 vires
460 2808 625 2893 repulsivas
641 2809 680 2873 ad
700 2810 915 2872 constituenda
933 2808 1037 2887 solida,
1053 2809 1169 2893 liquida
1183 2819 1215 2873 et
1235 2810 1332 2873 fluida

233 2919 413 2984 a'e'riformia.
460 2919 521 2983 Sed
546 2919 629 3003 quod
654 2919 751 2983 aether
773 2942 836 2983 uon
865 2920 905 2983 sit
929 2920 1054 2999 solidus,
1076 2928 1161 3003 patet
1184 2942 1224 2983 ex
1244 2932 1332 2984 motu

233 3032 424 3115 planetarum
434 3052 488 3113 per
499 3030 661 3095 aetherem:
678 3031 760 3115 quod
775 3031 871 3094 aether
885 3054 947 3093 non
963 3032 1003 3094 sit
1016 3031 1156 3110 fluidum,
1172 3033 1332 3097 abriforme

235 3166 290 3205 scu
313 3142 521 3226 expansivum,
546 3150 630 3227 patet
650 3164 688 3205 ex
714 3165 749 3205 eo
776 3142 868 3226 quod,
895 3143 921 3206 si
944 3143 1037 3206 radiis
1060 3142 1137 3207 lucis
1159 3157 1335 3229 opponatur
1453 3143 1457 3150 ’

235 3254 437 3330 obstaculum,
454 3276 515 3316 seu
536 3275 646 3336 corpus
668 3275 808 3337 opacum,
829 3254 1020 3337 intercipitur
1041 3277 1112 3338 pars
1133 3255 1278 3335 fasciculi,
1301 3264 1333 3319 et

229 3365 286 3447 *alii
308 3364 385 3428 radii
407 3364 589 3427 continuant
610 3364 772 3447 propagari
793 3364 874 3427 linea
890 3378 972 3427 recta
993 3364 1201 3449 relinquentes
1224 3365 1333 3430 obscu-

235 3472 357 3539 ritatem
379 3474 412 3537 in
434 3484 519 3558 parte
541 3473 603 3552 illa,
620 3496 689 3558 quae
711 3482 758 3537 est
780 3483 861 3537 retro
883 3496 993 3559 corpus
1015 3476 1154 3559 opacum.
1201 3477 1234 3539 Si
1251 3478 1334 3541 enim

238 3587 335 3652 aether
360 3594 439 3649 esset
462 3585 652 3670 expausivus,
676 3586 860 3649 vibrationes
886 3586 1048 3652 luminosae
1072 3610 1135 3651 non
1158 3588 1337 3673 interceptae

238 3705 442 3783 propagarent
465 3720 497 3761 se
518 3720 576 3761 non
597 3698 689 3759 solum
711 3699 742 3759 in
756 3720 811 3761 aaa
833 3699 910 3761 linea
931 3686 1197 3778 walaradantem
1219 3703 1286 3764 binc
1308 3710 1338 3765 et

239 3811 315 3889 inde,
331 3802 502 3893 etquidem
516 3809 646 3886 intense,
662 3809 741 3872 sicut
763 3809 872 3873 accidit
886 3809 919 3871 in
935 3810 1153 3894 propagatione
1174 3814 1251 3890 soni,
1267 3836 1339 3898 quae

239 3923 274 4009 fit
288 3945 343 4007 per
358 3920 492 3984 medium
508 3921 714 4006 expansivum‚
730 3920 824 3984 idest
846 3926 957 3985 aerem.
1002 3922 1072 3985 Non
1089 3945 1163 4006 ergo
1180 3924 1276 3988 aether
1291 3934 1339 3989 est

240 4033 433 4118 expausivus.
479 4033 623 4117 Sequitur
646 4055 718 4116 ergo
744 4032 833 4097 illum
856 4056 921 4097 esse
945 4033 1108 4098 dicendum
1137 4036 1184 4099 vel
1206 4037 1338 4101 fluidum

202 4128 205 4133 Δ
241 4145 481 4231 inexpausivum,
498 4144 546 4208 vel
566 4143 727 4228 liquidum.
775 4144 836 4207 Sed
850 4143 917 4209 haec
939 4144 1095 4229 liquiditas
1112 4147 1170 4209 erit
1192 4147 1278 4211 valde
1293 4149 1340 4211 di-

241 4281 328 4322 versa
350 4280 367 4320 a
393 4256 565 4340 liquiditate
588 4278 676 4339 aquae
696 4265 727 4318 et
752 4254 881 4319 aliorum
904 4255 1090 4340 liquidorum
1112 4261 1340 4323 communium:

243 4370 345 4454 agitur
360 4368 441 4431 euim
458 4367 496 4431 de
511 4367 681 4431 substantia
703 4365 828 4431 alterius
843 4368 972 4451 generis.
1017 4368 1064 4431 Ex
1078 4391 1114 4432 eo
1128 4379 1241 4447 autem,
1257 4372 1340 4453 qnod
