3200 4984
280 363 324 428 42
712 385 755 428 na
772 384 958 428 narremus
1231 367 1319 450 [css.
1337 387 1398 432 ιιι.

279 549 449 615 necessario
467 549 557 614 ambo
573 549 735 616 tolluntur.
781 551 878 636 Atqui
895 573 961 615 esse
978 550 1033 629 rei,
1051 572 1115 636 qno
1129 573 1180 616 res
1199 561 1248 616 est
1263 552 1393 636 lignum

282 661 325 746 (et
340 659 423 748 qnod
438 670 484 726 est
499 660 626 727 effectus
640 663 830 727 secundarius
843 685 879 726 ex
892 663 1081 749 hypothesi),
1093 672 1255 748 separatur
1269 665 1309 729 ab
1324 687 1396 730 esse

279 773 333 854 rei,
349 795 411 860 quo
420 795 467 838 res
476 781 523 838 est
532 773 658 838 materia
672 773 788 838 habens
802 775 937 858 primum
951 795 1018 838 esse
1032 774 1212 859 simpliciter
1230 776 1329 861 (quod
1343 786 1395 842 est

279 883 406 952 affectus
423 884 588 970 primarius
611 884 719 950 tonnae
743 883 964 968 substantialis)
975 911 985 963 ς
1016 907 1091 970 ergo
1113 885 1147 948 hi
1171 886 1236 952 dno
1259 888 1394 953 effectus

279 1017 342 1064 non
358 1004 591 1082 consequuntur
605 995 773 1060 necessario
788 995 927 1060 eamdem
948 996 1090 1060 formam.
1133 997 1176 1061 Et
1199 999 1244 1063 sie
1266 1000 1394 1064 inutilis

278 1109 378 1176 evadit
394 1107 550 1174 distinctio
565 1106 656 1172 allata
672 1107 751 1172 inter
765 1107 908 1172 effectum
922 1107 1103 1192 primarium
1114 1117 1145 1173 et
1157 1111 1392 1191 secundarium,

279 1221 311 1286 in
326 1217 433 1286 ordine
448 1217 488 1286 ad
502 1217 712 1304 explicandam
726 1218 955 1302 generationem
969 1242 1082 1284 rernm.
1109 1220 1194 1285 Nam
1208 1222 1242 1285 in
1258 1245 1392 1306 genera-

277 1331 361 1400 tione
375 1353 457 1398 unns
471 1330 597 1397 effectus
612 1329 758 1408 formalis,
769 1328 801 1394 id
816 1337 863 1393 est
878 1351 943 1394 esse
959 1328 1148 1414 simpliciter,
1159 1340 1267 1396 manet
1275 1358 1286 1411 3
1309 1333 1393 1398 alter

277 1463 347 1512 vero
363 1465 417 1510 seu
432 1465 497 1510 esse
512 1442 633 1528 lignum
648 1441 768 1520 transit,
785 1464 839 1505 seu
854 1441 954 1526 perit3
977 1450 1008 1505 et
1028 1441 1098 1506 ideo
1112 1442 1157 1506 nil
1174 1443 1262 1508 iuvat
1277 1445 1391 1510 afferre

278 1555 355 1622 duos
370 1555 496 1620 effectus
511 1553 680 1620 necessario
695 1552 886 1616 coniunctos.
932 1551 1075 1616 Fortasse
1089 1575 1159 1618 vero
1176 1555 1390 1639 replicabunt,

277 1667 370 1734 etiam
393 1665 535 1732 effectum
557 1663 738 1750 primarium
760 1685 886 1741 cessam,
902 1662 978 1726 dum
998 1673 1096 1728 cessat
1119 1665 1249 1730 effectus
1275 1690 1390 1732 secun-

276 1777 389 1844 darius.
436 1775 497 1840 Sed
512 1783 587 1840 tune
602 1773 871 1859 impugnabuntur
884 1776 1076 1858 argumentis
1097 1776 1160 1839 illis
1177 1779 1389 1861 evidentibus,

276 1887 389 1975 quibus
410 1909 441 1952 n.
465 1889 519 1952 86.
547 1885 742 1971 probavimus
766 1906 830 1948 nen
853 1907 943 1969 posse
964 1887 1080 1950 mutari
1102 1887 1235 1952 formam
1259 1891 1390 1957 dantem

275 1997 411 2086 primum
434 2017 499 2062 esse
529 1995 665 2061 materiae
687 1995 817 2080 primae:
848 2018 919 2081 quae
941 2006 1123 2080 argumenta
1144 1999 1256 2064 falsam
1278 2003 1391 2068 adver-

274 2109 423 2176 sariorum
438 2105 642 2196 hypothesim,
660 2105 775 2171 nedum
790 2107 967 2191 gratuitam,
983 2107 1209 2176 demonstrant.
1243 2115 1388 2196 Accedit,

274 2217 368 2308 quod,
391 2217 430 2284 ad
452 2216 660 2304 explicandam
680 2217 917 2300 generationem,
940 2218 1034 2282 etiam
1054 2219 1220 2286 adversarii
1239 2224 1387 2309 indigent

273 2331 445 2410 admittere,
462 2351 527 2394 esee
550 2326 676 2412 aliquid,
698 2326 781 2412 quod
801 2337 904 2391 menet
925 2327 963 2392 de
989 2353 1021 2393 se
1040 2331 1124 2394 idem
1145 2333 1221 2397 dum
1241 2347 1387 2402 mutatur

272 2445 380 2522 forma,
396 2451 427 2507 et
442 2441 500 2506 hoc
515 2449 562 2504 est
577 2438 748 2503 subiectum
764 2439 978 2521 generationis.
1025 2441 1094 2508 Hoc
1109 2465 1180 2508 vero
1195 2445 1385 2530 subiectum,-

272 2575 370 2642 quum
386 2551 494 2617 debeat
509 2549 636 2615 existere
650 2545 776 2633 physice
789 2547 822 2611 in
838 2571 940 2613 rerum
958 2559 1079 2632 natura,
1094 2562 1131 2617 nt
1149 2557 1249 2639 possit
1272 2558 1386 2626 subiici

271 2685 375 2734 eausoe
405 2661 538 2727 naturali
567 2657 775 2724 introducenti
800 2681 911 2724 novam
936 2660 1078 2742 formam,
1093 2686 1158 2728 non
1183 2675 1289 2750 potest
1315 2693 1386 2735 esse

271 2772 399 2842 materia
413 2771 512 2856 prima
526 2771 673 2854 (fatentur
688 2768 767 2832 enirn
784 2770 943 2834 materiam
958 2772 1090 2856 primam
1104 2774 1139 2838 in
1154 2799 1258 2841 rerum
1270 2790 1387 2846 natura

271 2905 338 2950 non
356 2881 495 2964 existere)
521 2879 574 2944 sed
593 2879 682 2944 debet
701 2900 767 2942 esse
788 2880 956 2944 necessario
979 2885 1107 2946 materia
1133 2895 1268 2952 actuata.
1314 2892 1387 2957 Iam

269 3015 342 3063 vero
358 2990 484 3055 materia
498 2998 618 3054 actuata
632 2996 750 3053 nonest
766 3011 861 3074 capax
875 2991 1042 3076 recipiendi
1055 2995 1192 3078 primum
1205 3021 1293 3079 esse,
1310 3005 1386 3088 quia

270 3109 334 3172 iam
352 3100 444 3166 habet
454 3127 464 3180 3
487 3123 560 3184 ergo
577 3100 713 3177 materia,
729 3121 800 3183 quae
823 3109 869 3164 est
890 3101 1059 3167 subiectum
1079 3111 1300 3190 generationis,
1319 3137 1386 3179 non

269 3224 320 3282 est
344 3234 437 3297 capax
460 3209 626 3295 reeipiendi
647 3210 781 3294 primum
807 3233 882 3290 esse,
898 3235 951 3276 sen
977 3235 1040 3276 non
1065 3226 1111 3279 est
1131 3240 1228 3303 capax
1250 3222 1385 3290 alicuius

268 3329 380 3392 formae
394 3320 606 3386 substantialis.
640 3319 786 3404 Sequitur
800 3342 873 3403 ergo
888 3323 971 3405 quod
986 3323 1112 3390 effectus
1127 3327 1189 3408 ille,
1206 3335 1385 3401 seeundum

269 3456 363 3523 quem
373 3431 499 3496 materia
510 3431 588 3513 ligni
599 3429 678 3493 faeta
693 3437 739 3491 est
754 3431 880 3493 materia
895 3430 986 3513 ignis,
1002 3456 1066 3497 non
1082 3427 1262 3507 obtineatur
1277 3445 1384 3512 dando

269 3544 405 3610 materiae
417 3541 496 3624 ligni
507 3539 597 3604 aliam
612 3539 741 3602 formam
757 3538 1001 3606 substantialem.
1026 3544 1136 3610 Manet
1151 3572 1227 3634 ergo
1243 3555 1385 3638 primum

268 3678 336 3722 esse
349 3655 494 3726 materiae,
508 3673 561 3713 seu
572 3650 696 3712 effeetus
705 3648 879 3732 primarius,
890 3651 965 3714 dum
974 3665 1073 3720 cessat
1084 3657 1136 3721 ille
1147 3659 1228 3725 alius
1240 3666 1384 3748 effeetus,

267 3767 325 3852 qui
339 3763 452 3826 dieitur
467 3759 673 3824 secundarius.
708 3758 812 3822 Multa
826 3759 875 3824 hic
891 3761 963 3825 addi
977 3776 1105 3847 possent
1113 3795 1123 3846 3
1147 3773 1203 3835 sed
1218 3797 1255 3838 ex
1272 3801 1384 3864 supra.

269 3875 360 3940 dietis
383 3871 512 3934 habetur
535 3870 686 3932 sufficiens
708 3869 858 3953 probatio,
882 3875 1055 3954 praesertim
1078 3879 1104 3941 si
1135 3898 1321 3953 revocentur
1351 3893 1386 3956 in

269 3992 406 4049 mentem
429 4001 556 4061 eaquae
579 3979 708 4062 sparsim
729 3980 902 4044 ratiocinati
932 4005 1039 4049 sumus
1064 3989 1098 4051 in
1118 3995 1275 4077 capitibus
1299 4026 1384 4086 prae.

267 4090 458 4159 cedentibus.

313 4201 347 4263 Si
359 4220 430 4262 vero
439 4194 642 4279 respondeant
653 4195 853 4279 peripatetici,
865 4199 1008 4266 effectum
1019 4205 1180 4276 formalem
1196 4219 1384 4301 primarium

268 4311 369 4374 solum
389 4327 454 4368 esse
472 4304 683 4368 immediatum
704 4315 734 4368 et
753 4309 964 4390 necessarium,
984 4319 1202 4389 secundarium
1222 4353 1295 4398 vero
1317 4360 1383 4402 non
