3200 4984
226 394 297 437 car.
314 372 384 457 ιιι]
568 393 610 435 nn
628 390 833 437 sussrrurrx
849 391 1033 435 couronnx.
1264 370 1329 433 203

226 561 351 647 plantur
376 563 408 626 in
435 562 556 646 legibus
582 572 733 627 motuum.
777 562 944 627 Volumina
968 570 1071 627 autem
1091 570 1123 627 et
1146 561 1329 648 superficies,

225 674 320 739 immo
336 674 428 739 etiam
448 674 536 739 lineae
553 674 753 758 geometrica,
777 696 847 759 quae
867 674 990 759 proprie
1003 674 1196 738 constituunt
1212 674 1330 739 dimen-

226 786 327 849 siones
353 807 524 869 corporum,
550 808 613 850 non
640 794 715 850 sunt
732 785 924 851 extensiones
948 784 1130 864 materiales,
1147 786 1201 851 sed
1226 796 1330 852 tamen

225 898 330 976 reales,
353 907 389 962 ut
414 920 513 983 nuper
536 898 761 983 explicavimus
804 898 854 962 De
872 897 1028 963 volumine
1044 906 1076 962 et
1101 899 1260 983 superficie
1282 923 1331 965 res

224 1019 329 1094 patetr
352 1010 390 1073 de
412 1009 494 1075 linea
515 1033 586 1075 vero
608 1020 733 1096 apparet
755 1033 792 1075 ex
812 1033 860 1089 eo,
880 1010 963 1095 quod
983 1010 1017 1074 in
1039 1012 1173 1095 corporis
1198 1012 1330 1075 cuiusvis

225 1120 420 1205 longitudine
435 1123 570 1187 extensio
584 1122 758 1202 materialis,
773 1122 845 1187 licet
859 1123 900 1186 sit
914 1122 1059 1186 continua
1074 1123 1107 1185 in
1118 1131 1205 1187 motu
1218 1123 1330 1187 intrin-

226 1255 294 1297 seco
309 1234 549 1319 uniuscuiusque
564 1234 733 1314 ruoleculae,
747 1244 794 1299 est
809 1243 912 1299 tamen
928 1233 1122 1298 discontinna
1136 1235 1217 1299 inter
1235 1235 1329 1299 mole·

225 1345 327 1409 culam
342 1354 373 1409 et
389 1346 588 1411 moleculam:
611 1369 705 1431 quare
719 1347 856 1411 extensio
869 1346 991 1411 linearis
1006 1370 1152 1431 corporea,
1163 1356 1210 1411 est
1225 1348 1329 1411 multi·

225 1456 303 1520 tudo
327 1458 468 1542 quaedam
493 1458 704 1522 extensionum
727 1479 791 1522 non
817 1481 850 1522 se
875 1456 1121 1524 continuantium
1145 1458 1183 1523 de
1207 1482 1268 1523 una
1296 1460 1329 1523 in

226 1568 327 1647 aliam,
353 1570 406 1633 sed
429 1572 619 1654 separatione
644 1579 753 1634 mutua
771 1570 1035 1654 internuptarum:
1062 1570 1144 1635 unde
1169 1570 1330 1654 longitudo

225 1681 293 1764 ipsa
303 1681 437 1765 corporis
447 1703 509 1745 non
519 1690 620 1766 potest
633 1704 697 1745 esse
710 1682 802 1747 srmul
814 1681 979 1745 materialis
990 1690 1020 1745 et
1029 1682 1185 1748 continua.
1224 1684 1329 1759 Quum

226 1802 330 1856 autem
346 1794 428 1857 linea
443 1794 482 1857 sit
503 1793 627 1878 aliquod
641 1793 832 1872 continuum,
848 1793 1011 1858 dicendum
1031 1802 1088 1873 est,
1103 1816 1169 1861 eam
1187 1815 1251 1858 non
1266 1818 1330 1858 esse

226 1905 424 1984 materialem,
441 1906 494 1971 sed
508 1914 611 1969 tamen
626 1904 736 1970 realem
752 1906 889 1984 omnino,
904 1915 941 1969 ut
956 1905 1098 1969 diximus.

270 2017 348 2093 Quae
362 2019 466 2083 omnia
480 2029 587 2083 notare
603 2018 773 2098 debuimus,
789 2018 862 2102 quia
884 2018 1007 2101 patroni
1022 2017 1155 2083 materiae
1176 2020 1331 2083 continua

226 2154 297 2195 cum
312 2154 425 2215 magno
441 2131 572 2216 strepitu
587 2131 685 2195 solent
701 2130 869 2195 declamare
882 2139 988 2204 contra
1002 2130 1152 2195 elementa
1171 2131 1330 2216 simplicia,

227 2243 361 2307 dicentes
376 2242 445 2307 tolli
460 2266 514 2328 per
535 2244 601 2308 haec
615 2243 766 2307 elementa
788 2242 938 2327 simplicia
958 2263 1081 2306 omnem
1095 2242 1328 2326 possibilitatem

226 2355 314 2427 realis
329 2356 525 2419 extensionis.
571 2356 604 2419 Si
619 2356 702 2419 enim
713 2377 769 2439 pro
784 2355 860 2418 reali
874 2354 1047 2418 extensione
1061 2354 1237 2439 intelligant
1252 2378 1328 2434 eam,

225 2489 318 2551 quarn
333 2490 389 2531 nos
405 2488 528 2553 quoque
543 2467 673 2532 dicimus
688 2465 810 2545 realem,
831 2488 959 2550 quaeque
973 2475 1021 2529 est
1035 2488 1103 2531 vere
1117 2466 1215 2545 realis,
1236 2488 1329 2550 nega·

225 2602 295 2642 mus
310 2579 389 2643 hanc
404 2579 611 2643 extensionem
634 2602 651 2643 e
672 2579 774 2643 medio
789 2578 865 2643 tolli.
911 2577 1003 2653 Quod
1025 2578 1052 2642 si
1073 2574 1201 2642 dicendo
1222 2580 1329 2643 realem

225 2690 405 2775 intelligunt
419 2693 609 2769 materialem,
634 2699 771 2775 superest
786 2690 984 2776 quarendum
1000 2690 1038 2754 ab
1053 2690 1128 2775 ipsis
1142 2712 1203 2774 quo
1218 2690 1329 2754 funda

226 2812 331 2867 mento
346 2802 497 2883 nitantur,
514 2803 588 2867 ditm
604 2812 743 2867 asserunt
766 2803 832 2867 dari
847 2803 1056 2867 extensionem
1071 2802 1249 2866 continuam
1264 2826 1328 2867 ma-

226 2916 374 2980 terialem.
420 2915 514 2991 Quod
527 2915 764 2980 fundamentum
775 2938 872 3000 quum
881 2925 1036 3000 nequeant
1057 2915 1202 3000 prolerre,
1217 2915 1278 2978 nisi
1293 2937 1329 2978 ex

225 3028 403 3091 testimonio
424 3028 593 3107 oculorum,
615 3028 668 3113 qui
683 3030 716 3091 in
731 3027 788 3091 hac
803 3050 836 3093 re
857 3050 922 3091 non
937 3038 1010 3091 sunt
1031 3037 1124 3092 testes
1143 3028 1255 3106 idonei,
1271 3050 1328 3091 nos

204 3226 207 3230 .
225 3162 431 3224 proponemus
454 3140 497 3204 eis
512 3163 579 3203 eam
602 3140 697 3204 solam
719 3140 926 3204 extensionem
948 3140 1144 3219 materialem,
1162 3162 1255 3224 quarn
1269 3140 1328 3224 ipsi

226 3273 288 3314 non
302 3260 464 3331 noverunt,
480 3260 511 3315 et
526 3273 595 3336 quse
609 3274 627 3314 a
642 3260 729 3314 motu
742 3251 811 3336 ipso
825 3251 1044 3315 elementorum
1064 3252 1221 3336 exsurgit:
1244 3261 1275 3315 et
1290 3253 1328 3316 de

226 3365 419 3427 continuitate
424 3364 638 3447 plroenooceauli
647 3385 795 3447 corporeae
804 3363 988 3428 extensionis
996 3385 1059 3427 non
1069 3363 1183 3427 erimus
1192 3364 1327 3427 solliciti:

224 3475 282 3538 hac
296 3474 378 3537 enim
394 3474 525 3537 admissa
539 3482 575 3537 ut
590 3474 801 3558 phaenomeno,
817 3475 893 3538 nihil
910 3474 1049 3559 sequitur
1063 3475 1095 3538 in
1110 3476 1243 3539 favorem
1258 3499 1326 3539 sen-

226 3587 330 3651 tentiae
345 3586 434 3650 nobis
448 3587 615 3650 contrariae.

270 3698 491 3762 Concludendo
513 3698 653 3776 dicimus,
677 3698 831 3775 volumen,
855 3699 1054 3782 superficiem,
1077 3699 1189 3763 lineam
1211 3698 1244 3761 in
1262 3721 1326 3763 cor-

226 3810 351 3895 poribus
362 3810 472 3874 habere
484 3811 690 3874 extensionem
704 3809 826 3889 realem,
841 3810 932 3873 modo
947 3810 1061 3900 anolris
1075 3810 1243 3895 explicat03
1263 3834 1327 3877 non

226 3932 328 3986 tamen
344 3922 455 3986 habere
470 3924 677 3986 extensionem
692 3922 879 3985 materialem
888 3923 1075 4001 continuam,
1089 3923 1142 3986 sed
1153 3946 1219 3987 eam
1232 3924 1325 3990 solam

227 4035 462 4112 discontirruam,
478 4058 547 4119 quae
562 4034 696 4117 exsurgit
712 4057 748 4097 ex
764 4034 962 4098 multitudine
977 4036 1198 4115 extensionunr,
1214 4038 1327 4121 quibus

227 4169 258 4209 se
269 4146 406 4210 extendit
421 4156 523 4210 motus
538 4148 570 4209 in
586 4168 768 4230 unaquaque
783 4146 931 4210 molecula
945 4148 1077 4231 corporis
1086 4159 1239 4231 separate:
1262 4150 1326 4213 haec

227 4266 327 4321 autem
343 4258 478 4321 extensio
489 4268 535 4321 est
551 4258 725 4336 successiva,
741 4267 772 4327 et,
786 4258 907 4342 proprie
921 4259 1053 4343 pertinet
1076 4261 1113 4323 ad
1134 4261 1325 4347 dynamicam

227 4370 324 4453 magis
339 4392 431 4454 qnam
447 4368 485 4432 ad
500 4370 667 4455 physicam,
685 4391 753 4433 cum
770 4370 810 4433 sit
826 4392 887 4433 non
904 4373 1038 4435 extensio
1052 4372 1194 4457 corporis,
1208 4375 1260 4437 sed
1275 4397 1325 4438 ex·
