3200 4984
215 382 288 425 cnr.
306 362 346 446 1.]
540 384 583 427 nn
599 383 802 428 sunsrsurrs
817 384 998 429 corrosus.
1276 364 1318 427 93

262 546 314 608 14.
336 542 494 619 Quaeritnr
507 544 638 630 septimo
651 554 750 610 utmm
765 548 934 611 continuam
948 547 1099 611 materiale
1113 547 1264 611 timendum
1278 549 1319 611 sit

215 658 345 722 absolute
356 665 385 721 et
398 659 553 722 intrinsece
567 658 751 742 impossibile.

260 768 443 854 Respondeo
457 770 654 833 affirmative:
677 778 709 833 et
724 778 844 834 constat
859 792 897 834 ex
912 769 1010 834 dictis
1051 769 1200 834 Ordinate
1215 778 1317 834 tamen

214 904 364 966 exponam
377 881 428 945 hic
443 882 610 967 praecipuas
620 881 827 966 probationes.
863 881 904 945 Et
919 882 1018 967 primo
1029 882 1201 946 concedunt
1213 882 1319 945 adver·

216 992 288 1057 sarii
311 992 499 1078 impossibile
516 1015 581 1057 esse
600 992 740 1058 absolute
759 1002 791 1056 et
810 993 975 1058 intrinsece
995 994 1199 1078 compositum
1220 994 1317 1078 quod-

215 1104 290 1170 libet
306 1127 342 1168 ex
356 1104 485 1169 infinitis
499 1112 570 1169 actu
584 1104 795 1184 existentibus,
811 1104 917 1169 saltem
933 1105 959 1170 si
974 1105 1014 1170 sit
1029 1105 1166 1192 undique
1180 1106 1319 1171 terminis

215 1216 365 1281 clausum.
410 1217 508 1301 Atqui
530 1216 686 1282 evidenter
711 1216 873 1302 probatum
897 1225 943 1282 est
967 1240 1000 1282 n.
1026 1221 1077 1283 12.
1101 1220 1150 1284 13.
1175 1219 1207 1282 in
1233 1221 1318 1283 omni

215 1330 343 1393 materia
364 1330 510 1393 continua
527 1351 593 1393 esse
612 1328 734 1393 infinita
750 1336 822 1393 ηοω
844 1328 1004 1393 existentia
1021 1329 1160 1393 terminis
1183 1331 1318 1418 undique

215 1441 326 1520 clausa,
344 1464 398 1505 seu
411 1441 557 1506 babentia
569 1440 705 1526 primum
727 1449 759 1504 et
781 1440 937 1505 ultimum.
981 1440 1065 1525 llrgo
1086 1441 1250 1507 intrinsece
1272 1466 1318 1508 re-

215 1563 336 1639 pugnat
351 1554 477 1618 materia
490 1554 645 1619 continua

261 1665 402 1731 Secundo
422 1666 590 1730 absurdum
610 1674 657 1729 est
677 1664 797 1749 exigere
818 1663 924 1749 plures
946 1664 1133 1729 substantias
1148 1665 1319 1731 materiales

216 1800 282 1842 esse
305 1778 343 1842 de
364 1778 495 1843 essentia
516 1776 610 1842 unius
632 1776 812 1841 substantiae
826 1776 991 1842 materialis
1005 1776 1177 1862 primitivae.
1221 1779 1318 1864 Atqui

214 1913 328 1975 ponere
357 1891 513 1956 materiam
544 1888 654 1953 debere
682 1911 748 1952 esse
773 1889 820 1953 vel
851 1911 940 1976 posse
968 1912 1035 1955 esse
1063 1890 1242 1955 continuam
1272 1900 1319 1956 est

215 2003 346 2087 exigere,
358 2003 461 2088 plnres
472 2001 661 2066 substantias
674 1999 845 2066 materiales
859 2023 925 2066 esse
940 2001 978 2066 de
992 2002 1124 2067 essentia
1138 2003 1231 2067 unius
1246 2003 1318 2069 sub-

217 2116 337 2180 stantiae
362 2114 532 2201 primitivae.
577 2113 671 2198 Ilrgo.
716 2113 824 2177 Minor
848 2113 1006 2198 probatur.
1051 2113 1134 2178 Nam
1153 2114 1222 2179 ideo
1245 2137 1318 2180 con-

215 2230 339 2294 tinuum
361 2235 411 2316 est
437 2224 648 2304 substantiale,
669 2223 742 2309 quia
767 2224 833 2289 eius
859 2232 960 2310 partes
984 2232 1057 2289 sunt
1081 2224 1317 2303 substantiales3

215 2349 316 2405 totum
331 2339 412 2404 euim
428 2338 564 2423 exsurgit
578 2359 615 2401 ex
628 2336 778 2422 partibus.
818 2336 949 2421 Insuper
963 2336 997 2401 iu
1011 2336 1068 2401 hoc
1083 2338 1229 2401 continuo
1244 2348 1318 2403 sunt

214 2460 317 2536 partes
339 2458 411 2515 ηοω
436 2449 540 2528 reales,
564 2457 596 2512 et
621 2448 783 2528 distinctae,
808 2447 879 2513 lieet
904 2470 968 2512 non
992 2448 1115 2526 divisae3
1140 2449 1193 2513 sed
1216 2459 1318 2534 partes

215 2563 311 2630 reales
340 2570 411 2626 ηοω
439 2561 591 2626 distinctae
618 2559 734 2625 babent
764 2560 926 2625 distinctos
955 2569 1041 2627 actus
1070 2561 1190 2627 essendi
1197 2588 1207 2641 3
1245 2585 1319 2648 crgo

217 2674 377 2738 distinctas
390 2672 506 2736 babent
520 2672 633 2736 formas
648 2671 881 2737 substantiales:
903 2681 934 2737 et
948 2672 1018 2737 ideo
1032 2695 1144 2758 ponere
1159 2674 1318 2739 materiam

216 2783 395 2849 continuam
421 2792 468 2847 est
495 2805 609 2868 ponere
645 2783 750 2869 plures
779 2783 940 2849 distinctas
976 2786 1127 2866 materias,
1157 2796 1188 2851 et
1216 2787 1321 2872 plures

216 2896 376 2961 distinctas
399 2896 512 2961 formas
536 2895 763 2975 substantiales,
780 2896 841 2962 hoc
864 2905 911 2961 est
937 2897 1041 2983 plures
1063 2897 1223 2963 distinctas
1246 2899 1318 2964 sub·

216 3010 345 3073 stantius
370 3007 550 3086 materiales,
571 3007 642 3071 licet
665 3030 728 3072 non
752 3007 873 3073 divisas.
917 3009 1002 3094 Ergo
1024 3032 1136 3096 ponere
1160 3012 1319 3077 materiem

217 3120 326 3185 debere
346 3119 393 3184 vel
412 3142 501 3205 posse
520 3142 586 3184 esse
605 3120 783 3184 continuam
803 3129 850 3185 est
870 3143 983 3207 ponere
1002 3145 1096 3187 unam
1115 3123 1317 3189 substantiam

217 3232 401 3317 primitivam
416 3231 562 3296 constitui
577 3254 613 3296 ex
632 3231 774 3316 pluribus
793 3232 983 3301 substantiis.
1029 3235 1070 3299 Et
1088 3236 1155 3301 dico
1176 3237 1318 3302 substan·

216 3343 291 3408 tiam
311 3343 500 3408 materialem
517 3344 715 3427 primitivam,
733 3343 807 3428 quia
827 3343 912 3409 nulla
929 3344 1101 3410 substantia
1120 3345 1253 3412 derivata
1270 3349 1318 3414 vel

215 3455 321 3539 genita
343 3456 402 3520 erit
425 3455 581 3535 continua,
601 3454 661 3520 nisi
687 3454 845 3540 primitiva
867 3456 934 3521 eius
955 3459 1173 3524 constituentia
1192 3460 1318 3547 physica

216 3568 279 3632 sint
293 3568 458 3645 continua3
481 3567 589 3652 nequit
604 3565 686 3631 enim
701 3567 775 3651 poni
790 3566 824 3630 in
839 3568 949 3633 effectu
960 3570 1044 3654 qnod
1058 3571 1144 3635 nullo
1161 3571 1253 3637 modo
1270 3585 1317 3640 est

215 3678 248 3742 in
264 3701 363 3743 eausa.
407 3678 449 3743 Et
463 3676 626 3742 adversarii
640 3677 709 3763 ipsi,
725 3677 848 3763 quando
869 3688 1049 3764 supponunt
1067 3684 1224 3749 materiam
1245 3707 1318 3749 con·

214 3788 344 3869 tinuam,
356 3788 536 3873 intelligunt
549 3787 635 3872 loqui
649 3788 688 3853 de
703 3789 875 3854 substantia
883 3793 996 3875 primu,
1007 3796 1076 3877 quae
1090 3796 1265 3879 praescindit
1279 3798 1318 3862 ab

214 3901 301 3965 omni
314 3900 494 3966 accidentali
508 3898 728 3984 compositione
742 3900 943 3985 quantitatis3
966 3901 1004 3967 dc
1018 3903 1075 3967 hac
1092 3904 1174 3968 enim
1194 3908 1318 3991 praecise

214 4012 342 4097 quaestio
356 4020 414 4077 est.

259 4124 362 4190 'l'ertio
387 4123 575 4209 impossibile
600 4132 648 4189 est
665 4124 808 4208 componi
830 4123 1014 4197 continuum
1034 4126 1166 4190 materiae
1188 4148 1224 4190 ex
1245 4127 1321 4192 solis

215 4237 339 4321 punctis
359 4236 533 4301 inextensis.
578 4235 676 4322 Atqui
693 4234 754 4301 tale
775 4236 969 4315 continuum,
985 4237 1012 4301 si
1029 4237 1179 4317 existeret,
1194 4259 1318 4324 compo·

215 4356 340 4413 neretur
355 4370 394 4412 ex
408 4348 481 4412 solis
491 4346 615 4435 punctis
626 4346 813 4424 inextensis3
836 4369 909 4431 ergo
918 4356 964 4412 est
979 4348 1174 4434 impossibile.
1209 4348 1247 4414 In
1259 4351 1317 4415 hoc
