3200 4984
279 324 322 385 88
594 343 636 387 os
653 342 856 387 sussrsurrs
873 342 1052 386 cosroans.
1254 322 1338 405 [css.
1356 344 1381 385 1.

280 504 444 573 dicendum
466 516 556 587 esset,
580 508 663 593 quod
685 505 792 573 divisio
815 502 1019 594 quantitative
1041 515 1167 591 generat
1192 514 1293 591 partes
1317 528 1382 571 nou

281 619 382 684 solum
403 619 461 684 sub
481 620 602 685 formali
620 620 738 685 ratione
759 620 904 706 partium,
925 618 979 683 sed
998 618 1091 683 etiam
1106 617 1164 683 sub
1179 619 1296 683 ratione
1311 619 1383 683 sub·

281 731 413 797 stantiae.
456 730 576 797 Divisio
590 740 693 797 autem
709 730 919 818 prmsupponit
934 738 1036 815 partes
1050 728 1177 795 existere
1192 729 1249 795 sub
1266 728 1383 794 ratione

282 844 472 923 substantiae,
496 852 570 908 sunt
595 843 679 908 enim
701 844 838 923 materia,
865 843 944 907 eirca
965 864 1058 927 quam
1080 850 1235 907 exercetur
1257 842 1383 920 divisio;

282 956 400 1022 etfacit
422 954 521 1021 solum
539 977 590 1021 eas
607 954 673 1020 fieri
692 978 729 1020 ex
746 954 901 1020 distinctis
921 960 1055 1034 tantum,
1069 954 1238 1019 formaliter
1252 954 1382 1019 dismas:

281 1089 356 1153 ergo
376 1090 431 1153 per
452 1067 633 1133 divisionem
653 1089 716 1131 non
734 1066 853 1131 tollitur
872 1066 971 1131 forma
991 1064 1200 1131 substantialis
1221 1066 1314 1151 prior,
1330 1066 1384 1130 sed

282 1178 489 1245 introducitur
504 1178 568 1245 sola
582 1180 679 1245 forma
693 1176 898 1244 accidentalis.
942 1177 1035 1242 Unde
1046 1200 1082 1242 ex
1096 1186 1278 1263 argumento
1293 1200 1385 1263 supra

185 1302 191 1315 ’
283 1291 363 1358 iacto
383 1290 546 1356 fatendum
569 1289 626 1372 est,
648 1291 779 1356 formam
805 1289 901 1355 totius
924 1311 986 1353 non
1013 1312 1079 1354 esse
1101 1290 1233 1355 unicam.
1278 1289 1384 1366 Quum

282 1411 386 1469 autem
406 1402 514 1469 divisio
536 1403 676 1469 continui
698 1403 739 1467 sit
758 1424 877 1487 semper
896 1401 1051 1487 possibilis
1070 1401 1103 1466 in
1122 1410 1170 1467 tot
1189 1387 1291 1487 partes
1310 1410 1385 1487 quot

281 1515 385 1596 habet,
408 1525 456 1581 tot
477 1525 550 1581 sunt
575 1517 681 1581 formae
703 1513 919 1579 substantiales
945 1514 979 1577 iu
1003 1512 1159 1593 continuo,
1174 1521 1249 1599 quot
1272 1522 1385 1599 partes.

281 1630 318 1692 4⁰
338 1628 488 1693 Praeterea
510 1628 601 1693 unica
622 1629 721 1693 forma
743 1624 954 1692 substantialis
977 1632 1024 1690 est
1048 1624 1173 1689 unicum
1199 1626 1385 1711 principium

282 1738 415 1804 activum
430 1738 470 1803 ad
484 1747 577 1820 extra,
593 1762 648 1804 seu
664 1738 754 1803 unica
768 1737 815 1802 vis
829 1737 954 1803 motiva.
998 1737 1095 1822 Atqui
1109 1736 1200 1801 unica
1213 1737 1259 1802 vis
1272 1737 1387 1803 motiva

281 1870 345 1913 non
359 1856 461 1933 potest
476 1858 647 1933 competere
662 1849 753 1913 alicui
767 1849 926 1914 continuo.
969 1848 1052 1932 Ergo
1066 1848 1188 1913 nullum
1203 1850 1385 1914 continuum

281 1967 383 2046 potest
397 1959 511 2025 habere
525 1960 649 2026 unicam
660 1960 792 2026 formam
804 1959 1048 2026 substantialem.
1078 1960 1181 2026 Maior
1191 1970 1237 2026 est
1252 1961 1385 2041 cudens,

281 2071 355 2157 quia
370 2072 480 2137 unicus
495 2081 580 2139 actus
594 2095 658 2138 uon
673 2082 720 2139 est
734 2073 795 2138 nisi
815 2073 941 2138 unicum
960 2095 1064 2156 agens.
1110 2073 1216 2139 Minor
1230 2097 1301 2140 vero
1315 2096 1387 2161 pro-

281 2184 384 2249 batur.
427 2184 520 2267 Nam,
543 2185 570 2251 si
587 2184 649 2250 duo
671 2194 807 2251 extrema
828 2185 912 2250 illius
932 2176 1072 2249 continui
1093 2196 1240 2251 vocentur
1258 2188 1333 2251 Aet
1348 2188 1387 2267 B,

282 2296 328 2362 vis
345 2296 398 2361 illa
416 2297 507 2363 unica
528 2320 624 2383 agens
646 2297 686 2362 ad
702 2305 788 2362 extra
809 2296 843 2361 in
865 2295 1020 2383 quoddam
1037 2305 1188 2381 punctum
1209 2297 1234 2363 C
1261 2297 1385 2363 habebit

283 2409 360 2475 duas
375 2409 558 2476 directiones
580 2410 758 2475 distinctas:
780 2431 875 2474 unam
895 2431 931 2473 ex
952 2409 981 2472 A
1001 2409 1034 2473 in
1051 2408 1087 2488 C,
1103 2410 1193 2474 aliam
1208 2432 1244 2473 ex
1258 2410 1285 2473 B
1300 2410 1332 2472 in
1349 2408 1386 2489 Ο,

283 2532 395 2608 praeter
416 2545 523 2588 omnes
547 2523 622 2588 olias
642 2522 825 2587 directiones
850 2521 1057 2587 intermedias.
1104 2522 1274 2608 Siquidem,
1289 2543 1387 2607 quum

283 2636 382 2700 forma
395 2634 449 2699 illa
471 2643 672 2720 supponatur⁴
685 2634 851 2698 informare
873 2618 909 2697 eir
931 2655 963 2697 se
985 2632 1049 2697 sola
1068 2640 1169 2699 totum
1192 2634 1386 2715 continuum,

283 2757 330 2811 est
345 2746 378 2810 in
391 2754 459 2810 toto
474 2746 621 2811 continuo
636 2745 687 2810 oui
701 2744 754 2810 dat
777 2768 861 2809 esse:
882 2754 914 2809 et
934 2747 1005 2830 quia
1027 2768 1116 2829 agere
1136 2733 1333 2831 consequitur
1347 2748 1384 2812 ad

284 2878 350 2922 esse
367 2858 425 2940 (est
440 2856 522 2920 enim
537 2879 628 2921 causa
647 2856 829 2941 necessaria)
845 2856 970 2921 omnino
989 2856 1079 2921 debet
1101 2880 1191 2942 agere
1209 2881 1246 2922 ex
1261 2859 1290 2922 A
1304 2867 1336 2923 et
1350 2882 1386 2923 ex

284 2967 352 3033 Bet
366 2990 403 3032 ex
417 2968 484 3032 aliis
495 2969 620 3053 punctis
631 2967 831 3049 intermediis,
842 2968 955 3053 quibus
967 2970 1109 3033 omuibus
1121 2969 1174 3034 dat
1185 2993 1260 3035 esse.
1289 2972 1387 3056 Atqui

284 3087 437 3165 repugnat
457 3079 577 3144 notioni
595 3082 689 3144 comer
709 3082 754 3143 vis
775 3080 896 3163 agentis
918 3079 950 3142 in
973 3090 1124 3165 punctum
1147 3082 1264 3161 datum,
1288 3082 1387 3147 dicere

285 3214 353 3256 eam
367 3191 479 3256 habere
495 3191 571 3256 duas
585 3191 633 3257 vel
647 3191 752 3277 plures
767 3190 949 3255 directiones
965 3190 1005 3254 ad
1021 3190 1082 3255 tale
1097 3200 1258 3277 punctum.
1302 3192 1387 3277 Ergo

284 3309 437 3386 repugnat
465 3301 588 3365 unicam
618 3301 747 3365 formam
776 3309 899 3365 actuare
927 3301 1107 3366 continuum
1138 3304 1303 3384 materiale,
1334 3304 1388 3368 sed

287 3412 398 3478 debent
413 3435 479 3477 esse
493 3421 540 3477 tot
554 3413 661 3478 formae
676 3411 893 3478 substantiales
908 3422 984 3497 quot
998 3422 1110 3498 partes.

332 3527 384 3589 10.
406 3528 497 3591 Dices
517 3529 560 3590 1⁰.
592 3526 711 3591 Formae
733 3526 795 3591 illae
821 3534 894 3590 sunt
918 3526 1146 3611 distinguibiles
1171 3528 1306 3614 quidem,
1333 3528 1387 3594 sed

286 3637 433 3723 quamdiu
455 3638 583 3702 materia
605 3638 780 3703 continetur
799 3636 928 3701 indivisa
943 3636 975 3700 in
995 3659 1059 3701 uno
1076 3639 1233 3721 continuo,
1255 3662 1318 3704 nou
1340 3640 1386 3705 di-

286 3749 499 3833 stinguuntur,
515 3748 569 3813 sed
584 3757 657 3814 sunt
672 3772 735 3813 una
749 3748 856 3813 forma.
903 3748 985 3813 Nam
999 3749 1091 3813 etiam
1102 3752 1230 3815 materia
1241 3752 1387 3816 continua

285 3860 416 3926 indivisa
430 3870 476 3925 est
491 3883 554 3925 una
568 3870 640 3925 actu
654 3860 792 3924 materia.
837 3859 932 3943 Ergo.

329 3973 511 4058 Respondeo
533 3996 564 4035 n.
591 3981 653 4036 cat.
676 3970 717 4035 ad
739 3970 827 4055 prob.
852 3972 920 4044 dist,
945 3979 991 4034 est
1015 3994 1078 4035 una
1103 3980 1173 4037 actu
1195 3975 1331 4054 materia,
1353 3975 1386 4039 in

285 4094 435 4169 quantum
451 4090 532 4147 caret
553 4082 701 4146 divisione
719 4080 900 4146 accidentali
918 4082 1051 4166 partium
1068 4106 1146 4148 conc.
1162 4094 1225 4149 unt.
1241 4085 1274 4149 in
1289 4109 1386 4171 quan-

283 4206 350 4259 tum
366 4205 447 4260 caret
463 4194 660 4259 distinctione
674 4193 870 4257 substantiali
884 4193 1019 4277 partium
1030 4217 1059 4261 a.
1070 4203 1131 4258 ant.
1161 4196 1268 4261 Partes
1284 4208 1387 4261 autem

284 4307 435 4372 distinctae
458 4316 531 4370 sunt
553 4315 639 4370 actus
663 4306 811 4385 distincti,
834 4328 964 4389 quorum
988 4328 1069 4370 unus
1092 4309 1198 4393 nequit
1221 4307 1386 4375 subsistere
