3200 4984
213 380 290 424 cnr.
308 359 379 444 rra]
590 378 708 422 aarum
725 377 962 422 urruaauurr.
1276 361 1333 422 tl·

209 541 397 628 impossibile
410 541 499 607 nobis
520 541 561 607 sit
580 543 739 627 concipere
759 541 893 627 aliquam
914 543 1065 608 actionem
1086 564 1162 629 pure
1177 544 1317 608 materia·

208 654 279 735 lem,
300 677 370 741 quae
388 677 453 720 non
472 663 645 719 exerceatur
663 676 719 737 per
741 653 834 718 talem
857 663 986 718 motum.
1032 654 1134 720 immo
1152 678 1189 720 ex
1210 677 1315 740 supra·

210 767 309 847 dictis,
324 766 492 852 praesertim
507 766 562 830 ubi
575 766 696 849 egimus
710 765 749 830 de
764 765 915 850 principio
935 766 1065 852 passivo,
1086 767 1190 832 liceret
1205 767 1317 832 inferre

210 878 304 963 quod,
320 877 347 942 si
367 900 428 962 qua
447 899 538 942 causa
560 899 623 940 nou
643 877 708 961 agit
729 877 868 941 localiter
890 877 1050 956 movendo,
1072 878 1124 943 illa
1144 902 1235 944 causa
1254 901 1316 942 non

209 998 256 1054 est
271 989 457 1069 materialis;
480 1012 577 1074 quum
600 989 643 1052 vis
664 989 696 1052 in
717 997 839 1054 tautum
858 991 898 1054 sit
920 989 1096 1069 materialis,
1112 991 1145 1059 in
1164 999 1317 1076 quantum

209 1099 302 1164 habet
324 1108 474 1178 centrum,
495 1123 531 1163 ex
550 1121 611 1184 quo
629 1097 734 1182 dirigit
752 1101 904 1164 actionem
925 1100 959 1163 in
974 1101 1119 1186 spatium.
1166 1101 1199 1165 Si
1213 1102 1316 1185 itaqua

209 1221 291 1276 caret
313 1211 370 1274 hac
392 1209 557 1275 directione
576 1209 675 1288 locali,
697 1233 765 1294 quae
784 1212 989 1275 necessarium
1009 1234 1123 1276 nexum
1137 1211 1231 1276 habet
1245 1234 1317 1276 cum

209 1323 320 1386 effectu
343 1321 440 1401 locali,
459 1308 527 1384 non
549 1319 647 1392 habet¹
667 1321 847 1401 materiam3
869 1331 901 1387 et
924 1320 967 1386 sic
988 1344 1051 1387 non
1075 1331 1121 1387 est
1141 1323 1175 1387 iu
1189 1344 1318 1388 numero

209 1456 370 1497 causarum
386 1431 570 1496 naturalium
586 1432 799 1516 generationis,
816 1433 854 1497 de
869 1455 931 1518 qua
945 1434 1077 1517 agimus.

216 1557 218 1560 ’
256 1544 339 1608 Huic
354 1553 534 1628 argumento
552 1541 639 1621 nihil,
660 1542 759 1620 credo,
778 1542 956 1628 responderi
974 1552 1087 1628 potest.
1133 1543 1215 1608 Nam
1235 1543 1318 1628 quod

209 1655 352 1719 dixerunt
366 1653 469 1739 aliqui,
484 1652 623 1718 videlicet
641 1676 763 1718 causam
781 1654 955 1719 naturalem
972 1655 1006 1718 in
1023 1655 1219 1739 generatione
1233 1678 1319 1740 opere

209 1769 241 1830 ia
262 1768 371 1830 virtute
392 1788 486 1830 cauare
504 1767 617 1849 primm
640 1764 707 1843 hoc,
731 1764 868 1851 inquam,
892 1788 956 1830 non
978 1779 1026 1830 est
1048 1767 1241 1852 respondere,
1265 1767 1319 1831 red

210 1876 342 1940 absurde
363 1875 447 1960 loqui
458 1900 467 1953 3
493 1875 566 1960 quia
587 1875 687 1938 omnis
710 1895 801 1938 causa
822 1875 888 1959 agit
910 1877 943 1938 in
965 1877 1078 1940 virtute
1099 1899 1193 1961 quam
1215 1877 1318 1955 habet,

211 2011 275 2053 uon
290 1989 323 2052 in
337 1989 450 2052 virtute
468 2009 530 2072 qua
549 1994 641 2050 caret.
686 1984 787 2050 Causa
801 2007 874 2050 vero
893 1988 1042 2052 naturalis
1062 1988 1156 2053 habet
1174 1989 1320 2054 virtutem

210 2121 309 2164 causae
327 2096 476 2176 secundae,
500 2105 531 2160 ct
553 2103 634 2160 caret
656 2096 769 2160 virtute
791 2118 889 2160 causae
910 2098 1027 2182 primae.
1073 2098 1165 2175 Quod
1185 2100 1212 2163 si
1226 2099 1321 2164 velint

211 2209 383 2293 significare
405 2207 498 2293 quod,
522 2206 597 2270 dum
622 2207 687 2290 agit
706 2226 797 2270 causa
817 2206 975 2285 naturalis,
999 2207 1090 2271 etiam
1108 2231 1199 2272 causa
1221 2210 1321 2294 prima

212 2319 377 2404 concurrit,
403 2317 437 2381 id
459 2339 563 2382 verum
588 2315 765 2381 fatebimur.
824 2315 894 2394 Sed,
926 2317 952 2380 si
976 2326 1086 2400 agatur
1110 2316 1148 2380 de
1171 2339 1321 2383 concursu

215 2430 357 2508 naturali,
373 2430 423 2494 hic
441 2450 608 2493 concursus
627 2436 674 2492 est
695 2427 945 2513 proportionatae
967 2437 1085 2492 naturae
1104 2429 1201 2512 ipsius
1224 2450 1322 2493 musae

215 2542 365 2622 secundm,
385 2549 417 2606 et
436 2563 499 2604 non
518 2540 592 2605 facit
609 2561 731 2604 causam
752 2538 917 2606 secundam
940 2561 1103 2623 assurgere.
1121 2562 1213 2624 supra
1234 2562 1322 2603 suam

216 2654 347 2739 speciem
361 2651 481 2738 agentis
495 2650 645 2716 moventis
657 2673 711 2735 per
725 2650 838 2714 locum.
869 2650 903 2714 Si
914 2672 984 2714 vero
995 2660 1105 2734 agatur
1120 2650 1158 2714 de
1172 2671 1322 2714 concursu

215 2787 278 2829 non
294 2764 397 2829 debito
412 2763 581 2828 secundum
598 2771 716 2827 naturae
734 2762 884 2842 ordinem,
904 2771 950 2826 tot
970 2770 1062 2826 crunt
1078 2760 1231 2840 miracula,
1247 2773 1322 2846 quot

215 2876 426 2961 generationes
440 2897 588 2939 novarum
607 2873 858 2952 substantiarum,
874 2881 905 2937 et
924 2881 971 2938 tot
987 2873 1162 2952 creationes,
1183 2882 1259 2958 quot
1275 2897 1323 2937 rea

217 2991 338 3072 genitae.
384 2988 455 3053 Hoc
478 2996 581 3050 autem
598 2995 726 3049 nonest
747 2985 861 3049 solvere
881 2985 1101 3065 difficultatem,
1123 2985 1178 3049 sed
1194 2985 1322 3049 educere

217 3103 314 3164 Deum
335 3122 373 3164 ec
393 3099 528 3163 machina
554 3096 620 3160 sine
645 3096 708 3160 ulla
732 3097 920 3174 necessitate,
947 3096 1007 3158 nisi
1032 3095 1072 3160 ad
1100 3095 1322 3160 defendendam

216 3213 393 3297 opinionem
416 3208 510 3274 semel
533 3217 690 3285 assertam,
714 3217 745 3270 et
769 3207 836 3270 sine
859 3206 923 3271 ulla
950 3207 1091 3285 utilitate,
1117 3206 1191 3290 quia
1216 3205 1322 3269 eadem

216 3323 320 3408 opinio
335 3321 442 3388 multis
461 3320 529 3384 aliis
547 3317 737 3403 argumentis
757 3325 880 3380 ostensa
896 3326 943 3380 est
962 3316 1048 3396 falsa,
1064 3316 1140 3380 etin
1157 3316 1323 3400 aequivoca·

219 3435 302 3498 tione
317 3433 381 3497 sola
395 3431 532 3495 fundata

263 3544 420 3621 Similiter,
443 3543 470 3606 si
492 3541 571 3626 quir,
594 3539 633 3604 ad
655 3539 839 3603 eludendam
857 3545 993 3601 nostram
1015 3537 1323 3621 argumentationem,

218 3655 306 3720 vellet
329 3655 463 3720 tribuere
484 3652 584 3715 causis
609 3649 818 3714 materialibus
847 3648 979 3733 aliquam
1005 3647 1096 3712 aliam
1118 3648 1191 3727 vim,
1214 3656 1324 3734 praeter

218 3768 280 3830 vim
302 3765 525 3843 locomotivam,
548 3760 627 3825 nihil
647 3760 816 3845 proficeret.
861 3760 944 3824 Nam
967 3759 1109 3823 facillime
1135 3759 1324 3824 demonstra-

218 3887 311 3957 retur,
326 3878 405 3941 hanc
422 3875 512 3939 aliam
530 3874 592 3939 vim
611 3872 752 3935 inutilem
772 3871 910 3935 futuram
929 3893 995 3935 esse
1014 3870 1047 3934 in
1061 3869 1218 3934 efficienda
1232 3893 1324 3955 geue.

218 3990 336 4052 ratione
352 4010 452 4052 rerum
470 3984 666 4049 naturalium.
713 3983 855 4046 Maneret
874 3982 957 4046 enim
977 4004 1096 4066 semper
1112 4004 1228 4063 verum,
1243 3967 1325 4069 quod
1374 4001 1377 4005 ’

219 4101 298 4164 actio
317 4099 388 4166 talis
408 4097 454 4162 vis
471 4095 636 4179 incognitae
658 4093 780 4158 deberet
800 4092 894 4177 recipi
923 4092 1092 4156 secundum
1122 4091 1264 4157 effectum
1292 4094 1325 4158 iu

222 4211 346 4275 materia
360 4210 526 4274 existente:
550 4206 637 4291 atqui
657 4205 783 4268 materia
797 4205 929 4268 existens
944 4203 1114 4267 nonhabet
1129 4204 1326 4268 aliam-indii-

220 4323 381 4388 l'ereutiam
398 4319 559 4406 passivam,
581 4340 635 4380 seu
656 4317 853 4400 capacitatem
874 4315 1065 4399 receptivam,
1081 4315 1141 4378 uisi
1155 4315 1194 4380 ad
1209 4326 1327 4395 motum

421 4438 425 4447 ’
1101 4443 1119 4485 e
1136 4428 1157 4487 2
