3200 4984
300 392 363 455 tls
605 410 656 455 ox
672 410 874 456 scsmsxrm
891 410 1070 456 corconna,
1274 388 1358 473 [cnr.
1376 407 1400 449 1.

300 576 333 641 in
356 598 388 641 se
408 574 587 656 subsistens,
602 574 741 661 cogimur
755 576 869 641 intueri
883 575 1090 641 extensionem
1111 573 1143 637 in
1158 571 1300 651 extensis,
1315 579 1400 635 ante·

299 710 392 773 quam
402 687 442 753 ad
455 686 605 753 rationem
614 687 785 774 mnerimm
800 687 985 753 extensionis
1000 706 1214 771 assurgamus:
1237 683 1328 748 sicuti
1341 682 1400 746 hu-

301 800 482 864 manitatem
495 801 653 865 intuemur
673 796 707 863 in
722 799 899 865 hominibus
913 798 1072 878 concretis,
1087 803 1252 881 antequam
1266 818 1333 859 eam
1346 816 1401 878 per

301 933 334 975 se
344 910 483 996 generioe
494 911 746 997 contemplemur.
785 911 836 976 Sic
851 908 957 996 igitur,
967 918 1132 995 antequam
1147 907 1353 973 extensionem
1368 906 1400 968 in

300 1042 411 1105 genere
433 1022 633 1107 attingamus,
659 1023 843 1108 attingimus
865 1046 932 1087 eam
962 1026 995 1087 in
1021 1020 1229 1104 singularibus
1255 1018 1401 1095 motibus,

300 1133 417 1218 spatiis,
426 1144 457 1200 et
468 1134 622 1201 distantiis
632 1137 775 1201 extensio.
799 1135 870 1214 Sed,
883 1134 951 1200 siin
964 1134 1023 1199 hoc
1034 1142 1113 1199 esset
1122 1132 1254 1199 circulus
1262 1132 1399 1209 vitiosus,

300 1255 380 1311 esset
391 1268 513 1331 quoque
521 1247 603 1311 idem
614 1246 747 1312 circulus
761 1247 793 1311 in
803 1245 981 1331 exponenda
995 1245 1063 1309 idea
1072 1243 1283 1309 humanitatis.
1319 1243 1401 1307 Nam

301 1358 341 1422 ad
357 1358 438 1423 hanc
465 1358 678 1444 explicandam
694 1359 876 1443 consopieras
902 1360 949 1439 (ut
971 1379 1042 1421 cum
1071 1365 1195 1421 anctore
1222 1355 1340 1440 loquar)
1362 1353 1402 1417 ad

301 1469 414 1534 animal
422 1470 590 1535 rationale:
611 1472 664 1535 ced
675 1472 723 1534 liic
734 1478 889 1553 conceptus
900 1478 944 1534 est
958 1469 1146 1552 impossibilis
1153 1468 1217 1531 sinc
1224 1468 1339 1549 previa
1347 1466 1401 1529 bu·

301 1585 454 1648 munitatis
467 1584 554 1658 idem
576 1605 644 1647 nom
655 1583 707 1667 qui
726 1584 800 1647 dicit
815 1582 929 1645 animal
941 1581 1098 1660 rationale,
1112 1581 1172 1643 iem
1187 1579 1259 1642 dicit
1269 1578 1402 1641 hamoni·

301 1701 399 1757 tatem.
427 1692 558 1769 Quodsi
571 1693 630 1758 hoc
639 1700 686 1757 est
695 1715 809 1778 purum
821 1691 986 1777 sophisma,
997 1690 1088 1755 etiam
1099 1688 1230 1754 auctoris
1239 1710 1402 1773 argumen-

299 1812 368 1867 tum
380 1813 426 1867 est
442 1803 597 1888 sophisma
609 1824 735 1888 purum.
773 1802 861 1867 Sicut
875 1824 950 1887 ergo
964 1802 1032 1867 idea
1046 1800 1248 1866 humanitatis
1259 1800 1357 1864 oritur
1366 1822 1402 1863 ex

299 1914 540 1979 consideratione
561 1914 704 1994 hominis,
719 1914 751 1977 in
775 1937 837 1999 quo
859 1923 905 1978 est
927 1913 1114 1991 hnmanitas,
1129 1921 1161 1977 et
1178 1936 1195 1977 a
1210 1934 1271 1997 quo
1285 1910 1402 1976 abstra-

298 2025 402 2106 hitur3
425 2027 468 2090 ita
489 2025 559 2091 idea
579 2025 764 2091 extensionis
785 2027 905 2090 eruitur
926 2048 943 2089 a
965 2024 1207 2090 consideratione
1226 2022 1353 2103 extensi,
1369 2023 1402 2087 in

299 2158 360 2221 quo
371 2146 418 2202 est
427 2137 577 2216 extensio,
586 2146 617 2201 et
633 2160 720 2222 aquo
735 2136 934 2218 abstrahitur,
947 2138 1022 2222 quin
1037 2136 1120 2200 ullus
1135 2134 1265 2201 circulus
1274 2134 1401 2199 vitiosus

300 2248 456 2329 timendus
471 2250 522 2314 sit.
558 2249 656 2334 Atqui
680 2253 782 2313 motus
797 2248 926 2333 quilibet
940 2247 1131 2333 particularis
1146 2246 1236 2311 nobis
1250 2245 1402 2311 sensibilis

300 2369 346 2423 est
361 2367 504 2445 extensus
521 2360 563 2443 (et
578 2359 703 2445 quidem
718 2359 889 2444 dupliciter,
905 2359 937 2424 id
958 2368 1004 2423 est
1025 2358 1194 2423 secundum
1210 2358 1401 2421 durationem

299 2479 331 2535 et
346 2470 516 2535 secundum
531 2471 675 2556 spatium)
688 2496 697 2550 3
722 2494 795 2555 ergo
810 2472 843 2535 in
860 2480 947 2535 motu
961 2458 1098 2555 quolibet
1118 2470 1295 2555 particulari
1312 2467 1402 2533 nobi's

299 2581 436 2648 sensibili
444 2581 1402 2669 habemusobiectum,inquopercipiamusextensionem,etex

298 2716 360 2779 quo
373 2716 428 2779 per
442 2693 677 2759 abstractionem
693 2716 890 2778 assurgamus
905 2692 944 2757 ad
958 2694 1165 2758 extensionem
1181 2690 1213 2756 in
1228 2692 1402 2757 universali.

342 2806 396 2868 35.
420 2802 492 2883 Sed,
504 2804 663 2887 replicabit
674 2804 813 2888 scriptor,
826 2806 981 2890 quomodo
994 2828 1158 2890 possumus
1168 2805 1325 2889 concipere
1336 2827 1402 2868 mo·

298 2924 367 2982 tum
378 2915 412 2977 in
423 2914 522 2999 spatio
533 2914 666 2995 extendi,
675 2913 736 2979 nisi
750 2916 918 2981 habeamus
922 2920 1066 3001 previam
1081 2916 1264 2981 extensionis
1276 2915 1374 2980 ideam
1387 2916 1401 2980 ’ἒ

342 3024 546 3109 Respondebo
573 3025 613 3091 ad
648 3026 817 3091 hominem.
862 3028 1025 3105 Quomodo
1053 3051 1219 3113 possumus
1244 3026 1402 3112 concipere

298 3137 456 3202 materiam
475 3137 509 3201 in
532 3138 631 3221 spatio
648 3139 780 3220 extendi,
795 3140 857 3205 nisi
877 3141 1044 3205 habeamus
1059 3142 1202 3224 praeoiom
1217 3139 1402 3204 extensionis

297 3247 424 3313 ideam?
460 3257 492 3312 et
521 3249 684 3313 materiam.
698 3251 884 3331 continuari,
906 3251 966 3316 nisi
987 3251 1155 3317 habeamus
1171 3250 1315 3336 maniam
1329 3272 1401 3315 con·

297 3357 451 3423 tinuitatis
477 3359 602 3425 ideam?
624 3370 655 3425 et
679 3371 802 3447 tempus
826 3361 946 3442 durare,
977 3363 1038 3427 nisi
1066 3361 1233 3427 habeamus
1256 3364 1401 3447 praecium

293 3470 467 3535 'durationis
482 3472 580 3537 ideam
591 3472 614 3536 l·
629 3473 689 3537 His
704 3467 998 3559 interrogationibus
1013 3497 1076 3539 non
1091 3476 1204 3559 poterit
1218 3475 1401 3559 respondere

296 3591 411 3662 auctor,
420 3583 495 3667 quin
511 3582 712 3649 obiectionem
727 3589 837 3657 eontra·
848 3608 905 3651 nos
917 3586 1152 3652 factamsolvat.
1196 3586 1401 3670 Distinguen-

298 3695 337 3759 do
360 3704 464 3759 autem
485 3696 654 3761 universale
668 3697 810 3762 directum
830 3696 868 3761 ab
880 3697 1057 3763 tuniversali
1078 3699 1199 3780 reflexo,
1218 3698 1297 3763 sicut
1319 3697 1401 3763 idem

296 3816 403 3877 auctor
417 3805 505 3871 docet
519 3807 553 3871 in
568 3808 678 3872 ultimo
692 3808 822 3873 artierrlo
837 3811 900 3885 snae
909 3808 1075 3895 ideologiae
1089 3809 1209 3895 agendo
1225 3810 1263 3875 de
1277 3810 1399 3875 univer-

296 3919 420 3998 salibus,
442 3919 586 3986 facillime
614 3920 817 4006 respondetur
846 3930 1039 4005 argumento,
1069 3931 1100 3985 et
1129 3922 1248 3985 tollitur
1270 3920 1402 3985 circuilus

295 4032 441 4100 vitiosus:
477 4031 628 4116 siquidem
656 4033 691 4096 in
719 4042 807 4097 motu
837 4032 976 4098 sensibili
1006 4033 1164 4098 intuemur
1193 4033 1401 4097 extensionem

295 4142 412 4230 directe,
432 4152 603 4229 antequam
625 4145 838 4227 perveniamus
862 4145 901 4209 ad
923 4145 1023 4210 ideam
1041 4144 1243 4211 universalem
1262 4144 1402 4226 reflexam

295 4254 489 4319 extensionis.
533 4256 575 4319 Et
596 4256 662 4320 hacc
682 4257 723 4319 sit
741 4256 876 4323 secunde
891 4257 1058 4341 responsio.
1104 4258 1207 4321 Tertio
1221 4254 1401 4341 respondeo,

296 4364 420 4428 evidens
449 4388 526 4445 esse,
549 4388 611 4430 non
635 4367 747 4451 requiri
764 4370 907 4451 previam
929 4368 1113 4431 extensionis
1136 4368 1246 4447 ideam,
1262 4376 1305 4447 ,ut
1324 4388 1400 4431 con-
