3200 4984
285 379 329 444 36
712 404 755 447 uu
772 403 956 448 rarucrrns
1247 381 1332 466 [car.
1347 401 1387 442 11.

285 565 434 633 versatilis
463 577 602 654 respectu
629 569 732 650 unius,
756 570 797 635 ad
826 569 910 657 quod
932 570 1025 636 habet
1049 567 1265 655 aptitudinem,
1292 590 1389 653 quum

285 678 467 744 versatilitas
485 679 620 765 requirat
637 688 810 766 respectum
831 680 871 745 ad
890 680 990 768 plura.
1034 679 1156 745 Deinde
1175 701 1239 744 non
1258 679 1390 758 videtur,

285 789 362 874 quid
376 790 488 856 valeret
510 791 569 857 hoc
591 792 630 857 ad
652 792 863 878 explicandam
889 791 1128 878 generationem,
1143 814 1240 877 quum
1263 791 1391 855 materia

285 902 385 987 prima
405 925 470 968 nou
492 903 671 969 subiiciatur
692 905 791 970 causis
814 903 1017 969 naturalibus.
1062 903 1152 968 Idem
1165 903 1330 968 dicendum
1353 902 1391 967 de

285 1013 490 1079 indifferentia
521 1015 656 1082 materiae
686 1015 802 1100 primae.
862 1014 996 1079 Materia
1031 1015 1131 1099 prims
1163 1015 1298 1100 postulat
1330 1037 1392 1079 esec
1437 1065 1440 1070 .

280 1127 420 1210 primum,
443 1149 505 1212 quo
522 1135 631 1192 caret:
661 1127 900 1191 indifferentiam
924 1150 998 1212 ergo
1020 1148 1085 1191 non
1106 1127 1200 1191 babet
1222 1126 1262 1191 ad
1283 1149 1391 1190 omnes

285 1235 409 1316 formas,
424 1237 485 1301 nisi
507 1238 539 1302 in
562 1246 715 1323 quantum
737 1260 844 1302 omnes
866 1237 926 1303 illae
947 1239 1054 1303 formae
1073 1238 1260 1303 conveniunt
1274 1239 1307 1302 in
1322 1238 1391 1318 hoc,

286 1347 371 1434 quod
392 1369 499 1414 omnes
521 1348 679 1434 aequaliter
701 1348 763 1413 sint
785 1357 865 1434 aptae
886 1348 926 1413 ad
949 1348 1086 1415 dandum
1107 1337 1392 1435 materia-primum

286 1481 362 1527 esse.
408 1459 469 1525 Sed
483 1459 598 1540 formae,
612 1460 809 1546 inquantum
825 1459 900 1524 dant
915 1460 1071 1546 aequaliter
1084 1461 1221 1546 primum
1235 1484 1310 1542 esse,
1327 1485 1392 1527 non

286 1582 359 1636 sunt
379 1572 512 1652 diversae,
530 1572 583 1638 sed
601 1579 822 1657 repraesentant
843 1594 942 1636 unum
961 1571 1037 1658 quid
1055 1594 1175 1657 semper
1194 1571 1276 1637 idem
1285 1597 1295 1650 ς
1313 1595 1392 1657 ergo

286 1683 491 1749 indifferentia
505 1683 558 1750 illa
572 1683 708 1748 materia
722 1691 801 1748 esset
816 1682 1022 1747 indifferentia
1037 1684 1076 1748 ad
1089 1705 1208 1762 unum;
1230 1683 1313 1769 quod
1327 1707 1391 1749 nou

286 1803 333 1859 est
360 1795 573 1859 indifferentiae
603 1794 657 1859 scd
686 1795 790 1879 potius
820 1794 1028 1873 necessitatis;
1059 1794 1136 1859 illud
1166 1795 1250 1859 enim
1279 1796 1392 1860 dicitur

287 1905 502 1985 necessarium,
528 1904 612 1990 quod
641 1904 681 1970 ad
710 1928 809 1970 unum
839 1905 1070 1971 determinatur.
1130 1906 1276 1987 Additur,
1306 1908 1390 1993 quod

287 2016 409 2080 etiamsi
424 2015 608 2081 concedatur
623 2015 726 2101 aliqua
740 2016 947 2082 indifferentia
961 2018 1095 2083 materiae
1110 2019 1216 2104 primae
1227 2019 1267 2083 ad
1277 2019 1391 2086 formes

287 2127 448 2214 quaslibet,
471 2137 543 2192 ante
565 2150 657 2213 quarn
680 2129 871 2214 concipiatur
892 2129 1067 2210 informata,
1089 2138 1196 2195 tamen
1218 2131 1273 2196 ubi
1295 2132 1388 2197 semel

287 2249 428 2306 actuatur
450 2263 506 2326 per
524 2240 627 2305 datam
646 2240 786 2320 formam,
802 2240 947 2325 alligatur
967 2240 1013 2305 illi
1027 2241 1149 2306 vinculo
1168 2243 1298 2308 unitatis
1319 2245 1390 2308 sub

287 2353 439 2418 stantialis
454 2361 517 2418 tam
536 2360 629 2432 arcto,
645 2361 681 2416 ut
703 2351 764 2417 iam
786 2374 851 2416 non
872 2353 971 2438 possit
994 2353 1110 2440 aliquid
1133 2354 1216 2419 aliud
1239 2364 1390 2441 appetere,

286 2489 384 2553 quum
409 2466 520 2532 habeat
547 2473 648 2530 totum
679 2463 763 2550 quod
787 2465 900 2529 habere
929 2473 1042 2550 potest,
1058 2489 1176 2551 ,nempe
1206 2489 1297 2531 suum
1321 2491 1392 2533 :esse

286 2577 525 2642 terminatirum.
586 2574 783 2660 Quamquam
816 2584 847 2639 et
880 2575 1049 2657 illudimur,
1080 2578 1106 2642 si
1136 2577 1214 2642 aerio
1246 2579 1391 2663 ponimus

286 2689 420 2775 aliquem
437 2688 619 2774 appetitum,
635 2687 835 2772 quantumvis
851 2689 1104 2773 metaphoricum,
1120 2689 1153 2754 in
1171 2711 1208 2754 eo
1225 2690 1311 2775 quod
1327 2713 1390 2756 non

286 2809 333 2866 est
347 2802 408 2866 nisi
422 2823 519 2886 purus
534 2799 646 2864 mentis
660 2807 837 2883 conceptus,
852 2807 883 2863 et
898 2799 1023 2884 quidem
1037 2801 1218 2886 privativus.
1243 2878 1246 2881 ¹

332 2913 366 2976 Si
390 2933 461 2977 vero
486 2910 615 2976 materia
643 2909 853 2975 consideretur
878 2909 1013 2996 physice,
1041 2920 1132 2996 prout
1162 2912 1298 2979 subiacet
1329 2935 1391 2978 suae

286 3025 402 3106 formae,
417 3032 493 3087 tunc
507 3045 564 3087 nec
579 3020 728 3087 versatilis
743 3028 790 3084 est
805 3041 861 3084 nec
876 3020 1065 3101 indifferens,
1082 3045 1180 3106 quum
1198 3022 1285 3087 nullo
1300 3024 1391 3088 modo

287 3135 384 3222 possit
398 3143 518 3198 mutare
535 3133 666 3198 formam
684 3155 771 3196 suam
788 3131 1022 3196 substantialem
1040 3133 1074 3197 iu
1093 3133 1183 3198 uliam
1202 3135 1389 3219 quamlibet:

288 3246 372 3333 quod
387 3267 480 3330 supra
496 3243 608 3309 invicte
625 3241 817 3307 ostendimus
831 3265 862 3306 n.
878 3244 934 3308 36.
980 3244 1049 3309 Hoc
1066 3253 1170 3310 tamen
1184 3245 1306 3310 videtur
1325 3269 1390 3312 esse

287 3357 412 3442 praecise
426 3354 509 3441 quod
523 3353 713 3440 peripatetici
727 3352 943 3418 admittebant.
989 3354 1095 3432 Quum
1110 3357 1193 3421 enim
1207 3358 1267 3443 ipsi
1278 3359 1390 3423 admit-

287 3477 387 3534 terent
405 3475 537 3553 quatuor
560 3487 625 3538 esse
648 3465 799 3530 elementa
823 3465 923 3550 prima
948 3466 980 3530 in
1004 3467 1132 3548 mundo,
1152 3469 1186 3535 id
1207 3479 1254 3535 est
1274 3471 1390 3556 ignem,

240 3661 241 3664 Ἴ
288 3604 409 3667 aquam,
425 3584 536 3659 adrem,
558 3586 681 3658 terram,
704 3598 761 3641 nec
782 3583 927 3661 putarent
949 3578 1013 3642 haec
1035 3600 1123 3664 posse
1147 3581 1257 3646 resolvi
1277 3582 1310 3646 in
1333 3583 1392 3647 ulia

288 3693 481 3779 simpliciore,
503 3691 576 3755 hinc
599 3689 696 3754 coacti
718 3696 792 3752 sunt
812 3710 926 3772 ponere
945 3689 1058 3754 formas
1078 3690 1296 3758 substantiales
1316 3717 1390 3774 esse,

288 3807 401 3894 quibus
415 3803 497 3890 ignis
511 3812 558 3867 est
572 3802 655 3888 ignis
672 3808 703 3865 et
727 3822 806 3885 aqua
824 3810 870 3864 est
888 3823 977 3885 aqua,
992 3809 1023 3866 et
1041 3801 1084 3867 sic
1102 3802 1140 3868 de
1156 3805 1285 3885 caeteris,
1299 3807 1392 3871 etiam

288 3915 474 4003 compositis.
520 3913 626 3992 Quum
648 3920 752 3977 autem
779 3911 918 3976 viderent
939 3913 1083 3998 ealigne
1108 3915 1174 3980 fieri
1199 3915 1316 4001 ignem,
1340 3919 1392 3983 de·

287 4031 423 4096 buerunt
449 4032 670 4110 consequenter
692 4023 731 4088 ad
757 4045 812 4086 sua
837 4021 988 4108 principia
1012 4047 1126 4110 ponere
1151 4024 1284 4092 formam
1310 4029 1393 4115 ignis

291 4143 394 4227 (quam
410 4136 643 4204 substantialem
659 4134 813 4216 dicebant)
830 4133 991 4199 succedere
1005 4135 1110 4199 formae
1123 4136 1201 4221 ligni
1215 4137 1250 4202 in
1264 4141 1392 4206 materia

288 4249 377 4336 ligni,¹
397 4251 528 4316 formam
547 4255 650 4312 autem
670 4245 749 4330 ligni
768 4244 931 4328 corrumpi.
977 4244 1058 4322 Quia
1077 4268 1147 4311 vcro
1167 4250 1297 4314 materia
1313 4250 1392 4337 ligni

289 4361 420 4427 libenter
443 4359 561 4425 sinebat
585 4381 617 4423 sc
640 4356 800 4422 informari
823 4355 922 4420 forma
946 4355 1038 4440 ignis,
1065 4357 1138 4422 hinc
1167 4362 1392 4429 concludebant
