3200 4984
297 364 341 426 54
732 388 776 431 nn
792 388 977 433 autumans
1238 364 1325 449 [aar.
1343 382 1399 425 111.

297 551 458 636 capitibus.
514 552 608 638 Ergo.
662 554 763 617 Maior
791 555 959 639 probatur:
988 553 1061 640 quia
1084 556 1215 638 primam
1244 572 1306 623 esre
1335 573 1399 615 non

295 670 397 748 potest
419 664 561 730 advenire
581 664 716 730 materiae
737 667 880 732 existenti
903 676 933 731 et
956 666 1124 751 organica:
1148 665 1212 729 haec
1232 664 1315 728 enim
1337 663 1397 727 iam

296 773 388 840 hebet
402 785 434 840 et
448 798 514 840 esse
528 776 673 863 primum,
692 784 723 842 et
741 800 807 842 esse
828 777 1008 857 secundum,
1023 776 1107 862 quod
1121 786 1169 842 est
1183 776 1397 860 organismus:

295 885 350 971 qui
364 886 391 950 si
405 886 542 966 tollatur,
563 896 599 952 ut
618 888 716 973 possit
736 888 801 953 dari
822 911 839 953 a
858 889 967 969 forma,
989 888 1115 954 tolletur
1134 887 1166 952 id
1186 897 1298 967 toturn,
1314 886 1399 972 quod

294 998 523 1084 praereqniritur
541 998 580 1065 ad
600 1001 741 1079 formam,
761 1023 873 1085 nempe
894 1000 996 1086 ipsum
1014 1000 1187 1066 subiectum
1207 1000 1286 1065 reale
1300 998 1398 1083 ipsius

293 1110 409 1174 formae.
456 1110 490 1174 Si
504 1133 574 1176 vero
594 1120 715 1176 maneat
737 1121 768 1177 et
787 1112 923 1197 primum
943 1134 1018 1192 esse,
1034 1122 1065 1177 et
1079 1111 1273 1196 organismus
1288 1132 1398 1195 praere-

294 1222 428 1307 quisitus
446 1224 485 1288 ad
504 1223 655 1303 formam,
677 1245 751 1308 ergo
770 1244 833 1287 non
852 1223 905 1287 dat
926 1223 1024 1288 forma
1042 1222 1177 1309 primum
1192 1244 1268 1301 csse,
1283 1231 1314 1285 et
1329 1244 1398 1305 quae

294 1343 527 1418 consequuntur
537 1346 694 1419 tamquam
708 1334 918 1419 praerequisita
926 1334 966 1399 ad
976 1334 1118 1399 formam.
1154 1333 1196 1398 ut
1211 1333 1280 1397 ideo
1295 1333 1399 1396 anima

295 1466 357 1509 non
372 1453 419 1509 est
433 1443 530 1510 iorma
550 1445 628 1510 dans
647 1444 827 1531 simpliciter
846 1468 906 1509 ecee
927 1445 1056 1530 corpori,
1077 1445 1131 1509 sed
1145 1453 1193 1508 est
1206 1444 1305 1508 forma
1320 1443 1398 1507 dans

293 1558 388 1622 eicere
408 1558 527 1643 corpori
548 1558 609 1622 iam
631 1556 756 1622 habenti
778 1558 914 1641 primum
937 1579 1013 1635 esse,
1031 1569 1062 1620 et
1083 1555 1346 1641 compositionem,
1366 1565 1398 1619 et

293 1668 503 1751 organismum
523 1678 631 1753 aptum
649 1668 688 1732 ad
703 1668 895 1753 operationes
909 1667 988 1733 vitae.
1032 1666 1116 1751 Ergo
1138 1667 1242 1731 anima
1263 1688 1327 1731 non
1348 1677 1397 1731 est

292 1782 390 1844 forma
405 1781 509 1845 stricte
531 1779 741 1845 substantialis
763 1779 907 1864 corporis,
928 1779 982 1842 sed
1001 1779 1100 1843 forma
1114 1778 1269 1844 vivificans
1284 1800 1397 1864 eorpus

291 1892 505 1956 antecedenter
519 1892 722 1957 constitutum
737 1891 770 1955 in
785 1914 851 1955 esse
865 1895 1000 1976 eorporis
1014 1890 1160 1975 organici.

336 2002 429 2079 Quod
450 2002 476 2065 si
493 2002 681 2087 peripatetici
699 2002 845 2081 dicerent,
865 2003 999 2066 animam
1019 2024 1084 2071 esse
1106 2003 1235 2067 formam
1258 2004 1395 2067 sabatac-

290 2116 400 2195 tiaiem,
415 2124 445 2179 et
460 2115 533 2199 quia
547 2114 612 2200 ipsa
627 2115 728 2179 anima
746 2123 793 2178 est
813 2113 984 2178 substantia
1002 2114 1074 2198 (quo
1089 2114 1180 2180 modo
1195 2113 1316 2180 videtur
1330 2137 1395 2180 rem

290 2224 441 2290 declarare
455 2227 566 2291 Suarea
576 2225 714 2310 Metaph.
727 2225 817 2309 Disp.
827 2247 876 2288 xv.
891 2236 964 2289 sect.
981 2225 1001 2290 i.
1017 2248 1048 2288 n.
1065 2226 1098 2309 6)
1120 2234 1151 2290 et
1168 2226 1241 2310 quia
1259 2224 1395 2310 pertinet

289 2337 328 2401 ad
344 2337 557 2417 substantiam,
567 2338 599 2402 id
610 2345 810 2400 estnatmnm
824 2335 921 2421 ipsam
937 2334 1081 2414 hominis,
1092 2335 1178 2399 nulia
1191 2335 1224 2398 in
1239 2335 1299 2400 hoc
1313 2347 1396 2400 esset

288 2448 469 2514 difficultas:
492 2449 669 2514 conceditur
688 2447 770 2512 enim
789 2447 834 2510 ita
850 2469 926 2511 esse.
979 2446 1049 2525 Sed,
1066 2446 1189 2532 quando
1208 2446 1317 2512 dieunt
1331 2449 1394 2513 for-

288 2586 372 2626 mam
393 2562 624 2639 radetantielem,
645 2559 825 2641 intelligunt
848 2559 987 2636 formam,
1006 2580 1075 2642 qnae
1095 2558 1148 2623 dat
1166 2560 1303 2642 primum
1327 2583 1395 2625 esse

288 2672 466 2756 simpliciter
487 2671 631 2750 materiae,
649 2680 681 2734 et
697 2670 771 2734 facit
785 2670 885 2754 primo
904 2692 969 2734 esse
989 2669 1204 2749 substantiam,
1225 2671 1257 2735 id
1275 2679 1323 2735 est
1338 2694 1395 2736 ens

283 2808 489 2880 praenitidam
500 2827 608 2863 numero
623 2808 734 2862 materie
750 2814 775 2860 et
785 2807 881 2879 farma
898 2814 1023 2876 constans,
1039 2827 1108 2863 mma
1123 2810 1192 2865 cioat
1207 2811 1262 2865 m'ta
1273 2811 1396 2881 immines,

281 2901 373 2967 postea
384 2895 438 2949 vita
453 2896 531 2950 braii.
567 2894 641 2948 Num
656 2895 758 2965 quande
772 2912 804 2946 aa
820 2896 942 2949 cadavere
956 2900 1096 2963 poneretur
1110 2897 1212 2958 ammai,
1231 2915 1283 2951 nen
1299 2904 1336 2952 eet
1348 2917 1398 2953 eur

285 2981 501 3067 nudetur-forma
512 2981 707 3052 empermiatm:
717 2998 781 3034 aem
792 2979 817 3034 ai
826 2980 872 3035 iila
883 2988 971 3035 manet
981 2981 1009 3035 in
1020 2984 1143 3037 cadavere
1154 2983 1209 3037 sine
1220 2984 1396 3055 dispositioni-

286 3067 920 3140 estaminiapoarametmmaneremtforma
929 3069 1107 3141 cuiuscumque
1115 3069 1229 3125 vicentii.
1254 3072 1397 3129 5⁰directe

285 3157 395 3229 impetit
401 3156 520 3211 rationes
529 3174 563 3209 ex
573 3154 820 3227 Scotopropositas.
845 3154 925 3209 Etad
936 3155 1051 3227 primam
1060 3158 1211 3229 respondet,
1221 3158 1397 3229 quodaaima

279 3264 332 3316 per
342 3263 369 3298 ee
380 3244 473 3315 suffieit
489 3244 525 3296 ad
539 3244 695 3296 armandam
712 3242 860 3296 immediate
875 3242 1012 3295 cauterium
1027 3248 1052 3296 et
1067 3246 1269 3299 ammonendum
1280 3246 1354 3301 iiiam
1366 3249 1396 3302 ier

286 3350 345 3386 aeae.
381 3329 429 3384 Ad
445 3328 676 3384 confirmatiodem
692 3328 866 3397 diritatem
877 3346 968 3398 coepas
974 3329 1159 3399 parspbpsa'ca
1169 3330 1335 3401 iateiiipende
1347 3342 1393 3404 est,

286 3418 353 3473 aaa
362 3417 529 3472 essentialiter
540 3416 668 3470 includere
674 3421 775 3486 preter
789 3414 935 3467 mammam.
971 3414 1018 3467 Ad
1033 3415 1181 3470 secundam
1197 3418 1333 3473 rationem
1348 3438 1395 3475 re·

285 3504 409 3577 spondet,
427 3522 478 3557 esee
488 3502 593 3576 sairam
611 3509 788 3573 assumptam:
806 3518 869 3554 nam
886 3501 914 3554 in
932 3506 1014 3555 mora
1031 3501 1151 3572 doniam
1169 3508 1194 3557 et
1211 3505 1394 3579 caricarumque

285 3590 414 3660 animatis,
420 3590 516 3663 ferrae
527 3590 678 3643 cadaven'ea
686 3587 867 3655 introducitur,
877 3606 911 3640 ae
920 3587 1031 3641 marem
1040 3594 1145 3643 maneat
1152 3590 1208 3643 aine
1212 3590 1316 3663 forma
1344 3595 1394 3649 Ad

284 3664 394 3733 tertiam
411 3675 562 3749 respondet,
581 3693 673 3746 cerpus
689 3680 822 3729 mertuum
841 3691 893 3727 eece
913 3672 994 3743 epect‘e
1013 3673 1150 3745 dicamne,
1169 3683 1193 3730 et
1210 3687 1394 3751 consequenter

284 3767 372 3838 quaed
384 3761 577 3819 mmwntiakm
582 3762 705 3835 ferinam
718 3760 797 3815 etiam
810 3777 862 3814 eece
877 3755 1162 3817 camere-distinctam.-
1181 3780 1278 3836 corpus
1296 3772 1393 3821 autem

285 3852 389 3910 Christi
400 3868 455 3905 non
467 3848 597 3905 mansisse
608 3848 682 3903 idem
693 3847 747 3903 nisi
759 3852 870 3918 propter
881 3846 1040 3901 identitatem
1055 3850 1180 3919 materia,
1192 3852 1353 3921 quantitatis,
1367 3862 1393 3909 et

284 3939 441 3995 meatum
453 3936 632 4005 accidentiam,
645 3939 691 3989 aat
697 3939 808 4005 propter
819 3931 979 3987 identitatem
989 3934 1121 4003 repperiti.

318 4026 389 4080 Haec
400 4023 508 4079 circiter
519 4022 627 4077 Suarez.
658 4020 714 4075 Sed
725 4035 829 4087 censeo,
839 4018 956 4073 rationes
968 4016 1044 4073 Secti
1055 4020 1146 4076 adhuc
1157 4024 1313 4095 praevadere,
1325 4026 1394 4081 licet

283 4132 326 4169 res
337 4115 455 4183 nequeat
465 4108 604 4182 perspicue
615 4107 712 4162 confici
729 4105 787 4161 sine
804 4104 977 4160 distinetione
993 4106 1088 4161 formae
1103 4107 1198 4163 stricte
1213 4112 1392 4169 arietantium

283 4218 300 4253 a
310 4198 398 4252 forma
408 4193 531 4263 natarali
544 4209 626 4265 quam
638 4193 736 4248 Scotus
746 4209 802 4246 non
814 4189 942 4263 explicite
950 4189 1110 4247 introduxit
1142 4195 1288 4261 Quomodo
1297 4205 1392 4255 autem

282 4290 312 4339 et
324 4281 415 4355 opinio
427 4280 502 4334 scoti
514 4280 600 4350 magis
612 4280 793 4344 confirmetur,
806 4282 836 4332 et
846 4270 995 4335 rationibus
1007 4278 1036 4331 in
1048 4281 1214 4337 eontrarium
1225 4288 1390 4357 respondea-

282 4377 335 4436 tur,
348 4365 452 4440 patebit
463 4382 497 4419 ex
509 4371 568 4418 tota
579 4364 744 4419 dmemsione
756 4379 839 4433 quam
850 4362 896 4418 hio
908 4362 1077 4435 suscipimus.
