3200 4984
233 362 374 449 cnr.11.]
556 386 599 428 nn
615 386 818 430 sussnsunrs
835 386 1018 432 consonus.
1263 366 1324 434 161
1395 433 1398 437 .

277 544 459 629 Respondeo
482 567 547 611 esse
568 552 688 610 motum
714 544 930 610 oscillatorium
950 548 1122 631 utriusque.
1167 546 1250 612 Nam
1264 546 1329 611 sint

233 658 264 719 A
279 666 310 720 et
324 658 356 719 Β
372 656 436 741 (fig.
454 659 486 737 1)
505 656 566 722 duo
581 657 731 722 elementa
747 657 923 722 attractiva:
946 667 977 723 et
998 658 1099 743 primo
1117 668 1331 743 supponantur

233 768 370 853 aequalia.
415 768 562 834 Sumatur
576 771 603 833 0
613 769 647 833 in
656 769 756 833 medio
765 769 918 835 distantiae
933 772 1014 834 AB.
1058 770 1330 836 Attractiomutus

231 892 262 946 et
276 880 401 966 aequalis
409 881 517 945 efficiet
531 889 648 945 motum
659 880 965 966 appropinquativum
979 890 1124 944 mutuum
1134 888 1165 944 et
1179 880 1326 966 aequalem

232 992 390 1078 utriusque
409 991 517 1078 puncti
531 1013 635 1057 versvm
653 1000 804 1077 punctum
822 994 857 1069 0,
872 992 912 1056 ad
926 992 1009 1078 quod
1031 990 1207 1077 pervenient
1221 992 1328 1058 eodem

232 1128 357 1191 prorsus
371 1104 499 1173 instanti
507 1128 517 1183 ;
540 1104 594 1169 sed
608 1104 680 1190 quia
694 1106 821 1170 materia
838 1114 886 1170 est
900 1106 991 1184 iners,
1006 1113 1038 1169 ct
1052 1113 1214 1190 postquam
1229 1105 1328 1170 deter-

234 1219 350 1284 minata
363 1225 410 1281 est
424 1217 463 1282 ad
478 1225 596 1281 motum
611 1217 778 1282 necessario
792 1225 962 1301 perseverat
981 1216 1014 1281 in
1029 1225 1126 1297 motu,
1142 1216 1238 1281 donec
1252 1218 1329 1281 reoi-

233 1330 299 1416 piat
322 1328 605 1394 determinationem
626 1328 820 1406 contrariam,
841 1337 1063 1414 consequenter
1092 1337 1209 1413 puncta
1233 1336 1330 1393 mate-

212 1442 319 1507 'rialia
342 1444 374 1505 A
396 1450 427 1507 et
449 1443 480 1504 B
500 1440 707 1526 pervenientia
734 1440 767 1504 in
786 1443 814 1505 C
832 1464 903 1506 oum
925 1439 1135 1506 velocitatibus
1163 1439 1331 1525 aequalibus

234 1555 390 1641 acquisitis
411 1553 444 1617 in
459 1552 607 1618 veniendo
622 1553 661 1618 ad
678 1555 712 1633 0,
727 1553 758 1618 vi
780 1553 902 1617 illarum
916 1553 1112 1619 velocitatum
1130 1552 1331 1617 determinata

236 1666 461 1733 continuabunt
475 1675 595 1730 motum
610 1688 701 1730 suum
710 1667 740 1729 A
750 1687 787 1729 ex
804 1667 942 1730 Oversus
950 1668 990 1745 B,
1005 1676 1037 1731 ct
1051 1668 1082 1729 Β
1092 1651 1168 1730 0ίο
1175 1687 1279 1730 versus
1288 1666 1330 1729 A.

236 1780 277 1844 In
299 1801 361 1864 qua
383 1777 621 1856 continuatione,
641 1798 738 1862 quum
763 1777 897 1841 actiones
922 1778 1142 1842 clementorum
1168 1776 1334 1841 attractiva

238 1892 300 1955 sint
326 1890 483 1954 contrariae
508 1887 666 1953 directioni
686 1896 798 1967 motus,
814 1888 959 1952 continue
982 1888 1123 1952 minuent
1143 1887 1333 1951 velocitatem

237 2002 321 2067 illam
343 2001 532 2085 acquisitam,
547 2022 609 2085 qua
632 1998 705 2065 duo·
720 1999 870 2064 clementa
892 1998 1052 2063 discedunt
1071 2020 1090 2063 a
1113 2006 1228 2083 puncto
1251 1999 1285 2076 0,
1303 2005 1334 2060 et

238 2114 369 2180 efficient
383 2112 602 2177 retardationes
616 2120 719 2175 motus
733 2110 898 2195 respective
913 2108 1043 2195 aequales
1066 2108 1334 2173 accelerationibus

237 2224 325 2289 factis
350 2225 384 2288 in
407 2232 547 2308 utroque,
571 2221 645 2285 dum
668 2220 843 2285 accederent
868 2219 908 2283 ad
925 2221 959 2284 0.
1005 2219 1056 2283 Sic
1078 2219 1184 2303 igitur,
1211 2219 1333 2304 quando

238 2336 423 2401 elementum
437 2336 469 2397 A
483 2333 638 2419 perveniet
663 2332 696 2396 in
711 2334 752 2411 B,
766 2340 797 2397 ct
817 2330 940 2417 quando
962 2340 1112 2416 punctum
1127 2332 1158 2393 B
1179 2331 1334 2415 perveniet

239 2450 273 2513 in
288 2450 330 2529 A,
344 2456 512 2531 utrumque
526 2443 654 2510 cessabit
674 2443 812 2508 recedere
827 2465 845 2507 a
860 2444 894 2521 0,
909 2453 941 2507 et
955 2442 1033 2507 actio
1048 2442 1207 2508 attractiva
1220 2442 1334 2507 utrius-

240 2584 310 2648 que,
324 2568 396 2644 post
419 2558 607 2623 destructam
632 2563 728 2620 totam
751 2554 952 2633 velocitatem,
971 2576 1040 2619 oum
1063 2576 1125 2640 qua
1144 2552 1334 2634 recedebant,

237 2672 387 2759 producet
415 2689 525 2735 novam
554 2667 879 2755 appropinquationem
908 2666 1058 2750 aequalem
1085 2665 1201 2751 primm,
1230 2674 1262 2729 ct
1291 2665 1335 2729 sic

239 2784 365 2870 incipiet
378 2805 458 2848 nova
472 2780 619 2846 oscillatio
634 2779 760 2865 aequalis
774 2778 966 2863 praecedenti,
976 2787 1007 2842 et
1021 2779 1065 2843 ita
1078 2800 1177 2863 porro,
1186 2787 1335 2863 perpetuo

238 2895 447 2961 oscillantibus
462 2890 619 2957 elementis
631 2892 661 2954 A
676 2899 707 2957 et
722 2892 753 2953 Β
767 2891 840 2955 hinc
854 2899 886 2955 et
898 2890 972 2954 inde
984 2890 1065 2955 cuca
1077 2899 1229 2975 punctum
1244 2891 1337 2975 Opcr

241 3007 472 3095 amplitudinem
488 3011 689 3069 constantem.

285 3120 402 3185 sivero
421 3116 554 3183 secundo
570 3124 703 3200 ponatur
717 3115 747 3177 A
763 3136 829 3178 esse
848 3114 1000 3178 intensius
1014 3135 1106 3199 quam
1121 3116 1161 3194 B,
1182 3113 1337 3179 evidenter

241 3236 272 3297 Β
293 3232 383 3297 citius
412 3227 592 3306 movebitur,
614 3235 722 3312 utpote
752 3225 937 3290 solicitatum
962 3226 1082 3305 fortius,
1106 3234 1138 3290 et
1159 3227 1191 3288 A
1212 3225 1336 3302 lentius,

240 3353 347 3430 utpote
361 3368 379 3409 a
393 3342 529 3408 debiliori
543 3348 673 3406 motum.
710 3338 813 3416 Quare
824 3361 887 3403 non
895 3349 1053 3404 occurrent
1068 3339 1126 3404 sibi
1140 3339 1173 3403 in
1187 3338 1288 3403 medio
1303 3340 1337 3417 0,

242 3457 295 3521 sed
309 3458 389 3521 inter
405 3457 474 3519 Oet
489 3454 539 3532 A3
561 3462 591 3517 et
611 3461 698 3517 tanto
717 3452 843 3537 propius
858 3451 896 3515 ad
911 3453 942 3515 A
957 3460 1075 3537 quanto
1092 3452 1203 3517 fortius
1221 3451 1279 3515 erit
1294 3452 1336 3530 A,

240 3592 334 3655 quam
348 3571 388 3632 Β.

286 3680 378 3759 Hinc,
396 3678 422 3743 si
442 3681 473 3742 A
496 3678 536 3743 sit
557 3676 833 3762 incomparabiliter
853 3675 973 3755 fortius,
991 3698 1083 3760 quam
1098 3678 1138 3753 B,
1156 3684 1258 3740 motus
1277 3675 1338 3740 ele·

242 3793 339 3858 menti
361 3794 391 3855 Β
414 3812 518 3855 versus
544 3790 575 3851 A
601 3789 658 3853 erit
682 3787 959 3872 incomparabiliter
983 3787 1099 3866 fortior,
1122 3809 1176 3851 seu
1197 3786 1337 3865 velocior,

240 3928 333 3993 quam
356 3912 459 3968 motus
481 3900 624 3967 elementi
640 3901 671 3963 A
693 3922 796 3963 versus
811 3901 860 3963 B:
882 3909 915 3964 et
936 3906 1012 3963 tunc
1028 3890 1184 3963 videbitur
1196 3900 1227 3961 A
1243 3899 1339 3962 sensi·

241 4019 343 4083 biliter
364 4039 430 4081 esse
451 4015 485 4079 in
507 4015 617 4100 quiete,
640 4011 713 4077 dum
733 4013 764 4074 Β
782 4010 969 4076 velocissime
991 4010 1069 4075 circa
1089 4009 1168 4074 illud
1188 4010 1338 4075 oscillabit

242 4131 313 4195 binc
328 4137 359 4194 et
373 4129 445 4193 inde
459 4124 697 4191 oscillatiouibus
713 4122 935 4188 constantibus.

287 4243 338 4307 70.
365 4241 493 4305 Obiicr'cs
508 4242 541 4303 1.
562 4237 694 4315 Quando
717 4238 748 4299 A
770 4246 801 4300 et
824 4238 854 4299 Β
874 4236 1057 4321 perveniunt
1074 4235 1106 4299 in
1132 4237 1165 4314 0,
1179 4243 1338 4319 nequeunt
1455 4218 1459 4224 ¹

242 4352 425 4438 pertransire
446 4372 542 4414 unum
557 4370 619 4434 per
640 4347 732 4413 aliud.
776 4325 861 4431 llrgo
882 4348 993 4413 falsum
1015 4355 1062 4410 est
1082 4346 1164 4432 quod
1183 4347 1337 4432 praeoedit.

1139 4479 1166 4521 u
