3200 4984
198 414 270 461 car.
287 397 357 481 ιιι]
552 422 595 465 un
612 420 816 468 snasranrra
833 423 1015 469 consonas.
1231 410 1293 473 all

193 583 295 648 modis
318 584 393 664 fieri,
420 596 511 671 prout
531 588 696 668 moleoulae,
719 590 800 654 inter
822 613 899 675 qnas
917 592 1007 670 fiunt,
1028 602 1102 657 sunt
1124 593 1226 677 plures
1247 595 1296 659 vel

194 697 352 779 pauciores
392 705 423 762 et
448 707 541 783 prout
571 709 645 764 sunt
674 700 766 764 unius
796 702 915 785 speciei,
945 709 999 766 aut
1027 703 1161 768 alterius.
1211 705 1294 771 Hinc

192 806 333 890 plurimae
348 817 421 874 sunt
436 809 550 895 species
565 814 878 891 transformationum‚
893 822 924 876 et
933 814 1073 898 plurimae
1083 817 1294 900 generationes

192 941 341 984 novarum
352 920 590 987 substantiarum
602 924 789 989 naturalium
798 934 852 988 aut
867 924 1067 990 artificialium
1082 948 1137 1011 per
1146 927 1293 992 imitatio·

192 1054 264 1095 nem
287 1041 413 1099 naturae.
458 1037 596 1119 Apparet
618 1045 731 1115 autem,
754 1037 792 1101 ad
814 1037 872 1101 hoc
895 1038 1017 1123 requiri,
1037 1059 1100 1103 non
1123 1040 1292 1125 simplicem

190 1141 469 1228 iuxtapositionem,
485 1147 538 1210 sed
552 1147 693 1211 intimam
715 1148 954 1233 permeatiouem
979 1149 1206 1225 moleoularum,
1231 1175 1292 1237 qua

191 1254 369 1321 destruatur
394 1257 443 1322 lex
464 1268 568 1322 motus
593 1259 766 1323 oscillatorii
792 1259 994 1345 singularum,
1018 1270 1055 1325 ιιι
1078 1262 1292 1329 introducatur

189 1391 269 1433 nova
283 1370 332 1434 lex
346 1380 399 1435 aut
414 1372 627 1437 determinatio
642 1374 840 1437 constitutiva
853 1396 939 1439 novae
954 1375 1119 1440 moleoulae.
1166 1376 1227 1440 Sed
1241 1376 1291 1440 hic

190 1481 363 1546 notandum
392 1492 448 1563 est,
476 1484 715 1549 destructionem
740 1485 818 1569 legis
841 1496 944 1551 motus
968 1487 1196 1567 moleoularum,
1223 1511 1291 1573 quae

189 1592 359 1660 combinari
373 1595 495 1677 debent,
510 1619 574 1661 non
589 1620 654 1661 esse
669 1599 878 1677 necessariam,
894 1599 954 1663 nisi
969 1600 1000 1663 in
1016 1608 1166 1685 quantum
1181 1600 1291 1664 harum

189 1704 408 1770 moleoularum
438 1717 551 1786 motus,
578 1708 603 1771 si
629 1718 829 1793 permaneret,
852 1710 1013 1794 impediret
1039 1712 1290 1777 constitutionem

190 1816 284 1881 unius
314 1818 469 1884 moleoulae
497 1821 684 1885 resultantis.
730 1822 836 1886 Potest
864 1846 938 1906 ergo
967 1824 1015 1887 lex
1040 1834 1142 1888 motus
1167 1824 1290 1910 propria

190 1928 418 2011 moleoularum,
437 1954 506 2017 quae
520 1932 745 2012 combinantur,
769 1933 933 1998 subsistere
950 1944 981 1998 et
994 1958 1170 2019 permanere
1188 1936 1290 2022 quoad

188 2039 231 2119 id,
246 2040 280 2104 in
294 2064 356 2125 quo
369 2042 432 2127 legi
446 2043 601 2108 moleoulac
616 2044 793 2109 resultantis
804 2067 868 2108 non
877 2046 1051 2130 opponitur.
1098 2046 1188 2111 Sicin
1201 2070 1289 2132 aqua,

188 2152 260 2217 licet
288 2174 351 2218 una
374 2155 523 2220 moleoula
548 2179 634 2241 aquae
656 2179 693 2220 ex
716 2150 777 2220 una
803 2156 986 2241 hydrogenii
1006 2167 1037 2221 et
1055 2167 1123 2222 octo
1147 2160 1288 2243 orygenii

189 2264 347 2344 formetur,
363 2275 394 2330 et
415 2270 457 2331 sio
471 2267 620 2332 habeatur
638 2269 850 2332 determinatio
872 2269 1021 2352 generalis
1035 2269 1075 2333 ad
1088 2270 1288 2333 oscillandum

188 2378 270 2442 circa
277 2400 376 2442 unum
386 2379 540 2459 nucleum,
552 2392 655 2445 manet
667 2390 769 2445 tamen
779 2382 992 2445 determinatio
1001 2382 1139 2467 quaedam
1152 2383 1290 2467 specialis

188 2488 222 2552 in
243 2490 391 2573 partibus,
406 2513 475 2576 quae
490 2514 527 2555 ex
541 2492 690 2578 oxygenio
711 2492 891 2577 procedunt,
907 2493 946 2557 ad
965 2494 1159 2558 retinendum
1175 2516 1285 2559 nexum

186 2600 321 2685 aliquem
335 2601 417 2667 inter
431 2626 473 2683 se,
492 2603 535 2667 ita
550 2613 586 2667 ut
600 2604 648 2667 lex
667 2605 811 2689 oxygenii
826 2626 889 2667 non
905 2603 1079 2668 destruatur
1092 2628 1129 2669 ex
1143 2614 1218 2685 toto,
1235 2606 1289 2670 sed

186 2720 311 2777 tantum
325 2737 361 2778 ex
375 2735 410 2779 ea
424 2724 521 2799 parte,
536 2738 571 2779 ex
593 2736 654 2799 qua
668 2714 829 2799 impediret
844 2715 994 2779 unitatem
1017 2716 1172 2780 moleoulae
1190 2740 1287 2802 aquae.

188 2824 286 2888 Cuius
301 2825 344 2888 rei
359 2825 483 2909 signum
505 2834 560 2904 est,
577 2826 660 2911 quod
674 2826 770 2910 possit
792 2847 831 2889 ex
847 2848 926 2909 aqua
940 2827 1052 2889 iterum
1072 2825 1160 2891 educi
1175 2850 1289 2913 oryge-

186 2935 285 3016 nium,
301 2946 438 3022 separato
460 2937 669 3023 hydrogenio:
692 2937 776 3022 quod
797 2959 860 3000 non
881 2946 985 3022 posset
999 2938 1074 3017 lieri,
1093 2937 1153 3001 nisi
1175 2960 1286 3024 oryge-

185 3046 275 3110 nium
290 3056 321 3110 et
331 3046 554 3133 hydrogenium
564 3048 731 3111 retinerent
745 3047 877 3133 aliquem
887 3070 1000 3111 nexum
1010 3048 1091 3112 inter
1101 3072 1172 3113 suas
1183 3060 1286 3135 partes

186 3159 377 3243 respectivas,
392 3159 633 3244 independenter
647 3182 665 3223 a
679 3182 760 3223 nexu
774 3160 931 3224 communi
946 3162 1152 3225 constituente
1163 3184 1285 3246 aquam.

191 3318 193 3323 «
232 3272 315 3336 Hinc
329 3271 374 3351 fit,
393 3281 428 3335 ut
443 3295 498 3356 per
518 3272 647 3336 reactiva
662 3271 799 3350 chimica,
815 3272 956 3350 calorem,
976 3271 1202 3337 electricitatem
1217 3283 1286 3354 ete,

185 3384 282 3469 possit
298 3382 469 3447 substantia
483 3383 622 3469 quaedam
637 3383 745 3447 resolvi
759 3382 791 3447 in
807 3406 878 3447 suas
893 3394 1118 3468 componentes.
1163 3386 1286 3451 Adhuc

186 3496 308 3573 sufficit,
324 3505 360 3560 nt
375 3518 465 3560 eausa
479 3497 647 3561 extrinseca
661 3496 779 3560 diverso
794 3496 884 3559 modo
899 3505 971 3580 agat
985 3493 1018 3559 in
1031 3497 1147 3561 diversa
1161 3519 1284 3582 compo-

184 3608 299 3687 nentia,
330 3617 361 3672 et
389 3618 425 3671 ut
451 3609 616 3674 reactivum
639 3607 749 3672 habeat
779 3630 849 3671 cum
878 3630 942 3672 uno
970 3632 1007 3671 ex
1031 3608 1286 3693 'componentibus

185 3721 330 3785 maiorem
359 3722 548 3800 affinitatem,
575 3742 665 3807 quam
692 3720 770 3784 illud
793 3742 979 3804 componens
1002 3720 1113 3785 habeat
1135 3721 1285 3786 eumalio

184 3842 397 3918 componente.
443 3834 494 3899 Sic
514 3834 658 3898 limatura
675 3833 746 3897 ferri
768 3833 802 3895 in
816 3854 896 3916 aqua
917 3831 1068 3896 acidulata
1089 3834 1183 3897 trahit
1198 3833 1237 3897 ad
1252 3856 1285 3897 se

183 3944 368 4031 oxygenium
385 3967 483 4030 aquae,
495 3956 526 4010 et
537 3945 761 4033 hydrogcnium
772 3952 876 4007 manet
884 3942 1015 4007 liberum
1024 3944 1057 4008 in
1069 3953 1153 4009 statu
1164 3968 1283 4030 gazoso.

184 4058 287 4123 Maior
313 4066 414 4122 antem
438 4058 485 4123 vel
508 4059 607 4123 minor
629 4057 760 4121 affinitas
783 4056 960 4141 explicanda
979 4066 1025 4120 est
1045 4080 1082 4121 ex
1102 4059 1216 4122 maiore
1236 4058 1283 4121 vel

183 4169 301 4234 minore
325 4170 524 4254 praedominio
553 4170 747 4234 relativarum
768 4170 987 4232 attractionum
1011 4169 1092 4233 inter
1120 4168 1284 4233 molcenlas

184 4283 314 4348 duarum
331 4281 571 4347 substantiarum
585 4291 616 4346 ct
631 4280 796 4345 moleoulas
812 4279 909 4343 tertiae
930 4278 1120 4359 snbstantiae,
1143 4289 1285 4366 utsupra

183 4395 325 4461 habitum
341 4405 386 4459 est
401 4394 555 4480 loquendo
570 4395 608 4459 de
622 4392 778 4459 affinitate.

1060 4505 1077 4563 Ρ
1092 4506 1113 4565 2
