3200 4984
197 398 270 442 car.
288 380 327 465 1.]
542 404 584 449 on
600 406 719 451 rursus
734 407 926 452 courruurs.
1226 390 1291 453 259

196 562 317 627 infinita
330 574 376 629 est
391 566 600 634 ubicationum
615 570 800 655 possibilitas
823 572 903 637 inter
918 594 980 637 eos.
1024 575 1058 636 2⁰
1072 571 1106 635 in
1120 571 1291 656 quantitate

195 676 280 739 omni
302 676 456 745 evidenter
478 682 595 766 concipi
616 691 716 767 potest
738 684 836 767 magis
858 693 889 748 et
911 684 1034 748 minus:
1056 706 1129 769 ergo
1148 684 1240 748 etiam
1257 684 1291 747 in

98 800 100 803 ’
197 788 369 870 quantitate
391 790 551 857 distantia.
595 794 646 859 Ad
663 796 760 879 magis
778 805 881 860 autem
901 805 933 860 et
949 798 1053 860 minus
1067 796 1231 881 requiritur
1246 795 1293 860 vel

200 902 387 971 mensuratio
401 903 448 967 vel
460 904 567 969 saltem
578 908 814 972 mensurationis
827 907 1022 992 possibilitas,
1037 930 1074 972 ex
1089 931 1150 992 qua
1162 930 1292 992 cognos-

200 1020 296 1092 catur,
318 1015 366 1078 vel
389 1015 495 1081 saltem
518 1020 659 1103 cognosci
680 1021 788 1105 possit,
803 1029 908 1085 utrum
931 1043 993 1084 una
1015 1020 1160 1084 distantia
1180 1020 1294 1106 pluries

201 1124 354 1190 contineat
369 1128 519 1193 unitatem
533 1153 695 1213 mensurae,
706 1155 798 1217 quam
814 1132 917 1196 altera.
939 1133 983 1195 At
997 1132 1057 1210 hic,
1070 1154 1106 1195 ex
1119 1132 1293 1217 hypothesi,

200 1235 303 1300 unitas
325 1247 404 1302 esset
422 1262 485 1304 una
503 1241 636 1307 ubicatio
651 1243 815 1327 possibilis,
830 1243 863 1308 id
877 1252 924 1307 est
938 1265 1036 1308 unum
1051 1252 1202 1328 punctum
1215 1242 1295 1306 indi·
1412 1293 1419 1306 .

201 1346 327 1428 visibile,
342 1350 426 1435 quod
439 1352 554 1417 nullam
570 1353 662 1418 habet
683 1356 909 1439 proportionem
925 1378 996 1419 cum
1010 1355 1163 1433 distantia,
1178 1363 1214 1417 ut
1228 1377 1296 1418 eam

202 1479 377 1523 mensurare
391 1462 496 1545 possit,
512 1464 603 1528 etiam
619 1465 785 1529 secundum
801 1474 993 1550 conceptum.
1037 1465 1121 1549 llrgo
1141 1465 1296 1549 quantitas

203 1568 357 1637 distantiae
370 1595 433 1637 non
447 1576 582 1659 exsurgit
599 1599 635 1640 ex
650 1599 769 1642 summa
783 1577 991 1641 ubicationum
1007 1576 1197 1661 possibilium
1216 1576 1297 1641 inter

204 1680 281 1745 duos
295 1683 451 1747 terminos.

247 1793 330 1859 Hinc
348 1803 431 1878 patet
451 1800 652 1881 quantitatem
673 1799 824 1864 distantiae
846 1822 909 1863 non
929 1798 1098 1863 mensmari
1115 1821 1170 1883 per
1184 1807 1298 1882 puncta

203 1904 364 1985 ubicativa,
379 1929 449 1971 cum
472 1908 582 1992 quibus
603 1910 681 1975 nihil
703 1910 794 1975 habet
813 1933 983 1989 commune,
1000 1910 1053 1975 sed
1074 1933 1129 1995 per
1142 1933 1297 1995 compara·

203 2016 320 2081 tionem
341 2040 411 2081 cum
433 2019 491 2083 alia
513 2020 665 2102 distantia,
681 2045 749 2107 quae
771 2023 937 2087 assumitur
957 2022 1113 2087 arbitraris
1134 2044 1190 2107 pro
1212 2044 1297 2085 men-

206 2150 286 2209 sura,
302 2152 356 2194 seu
375 2154 430 2217 pro
449 2134 576 2200 unitate.
621 2136 661 2199 llt
683 2136 755 2220 quia
773 2135 838 2200 haec
853 2158 995 2200 mensura
1009 2136 1166 2199 arbitraria
1181 2158 1299 2219 semper

205 2249 251 2306 eat
266 2251 298 2307 et
311 2243 377 2327 ipsa
391 2247 613 2325 mensurabilis,
623 2247 697 2327 hinc
711 2270 854 2311 mensura
866 2248 933 2312 haec
948 2270 1011 2311 non
1026 2256 1072 2311 est
1087 2247 1233 2324 absoluta,
1246 2246 1299 2309 sed

205 2353 348 2421 relativas
374 2358 472 2421 omnis
495 2367 597 2423 autem
619 2382 762 2423 mensura
783 2359 922 2425 absoluta
944 2359 1055 2437 deficit,
1078 2367 1114 2422 ut
1136 2357 1298 2422 evidentis-

206 2465 319 2533 simum
330 2476 385 2532 est.

213 2634 216 2639 .
252 2582 303 2645 19.
325 2580 434 2666 Itaque
454 2581 606 2647 distantiae
627 2583 730 2663 reales,
745 2582 869 2668 quando
883 2583 924 2647 ad
942 2582 1072 2646 invicem
1087 2587 1301 2665 comparantur

207 2690 265 2754 sub
287 2691 403 2758 ratione
424 2694 614 2777 quantitatis,
637 2695 867 2759 considerantur
892 2704 1048 2779 tamquam
1071 2693 1159 2777 signa
1180 2690 1302 2777 quanti-

207 2811 306 2867 tatum
329 2806 550 2871 extensivarum
572 2816 684 2886 motus,
708 2807 820 2892 quibus
842 2806 976 2891 percurri
1000 2814 1147 2891 possunt:
1177 2813 1208 2867 et
1230 2823 1302 2867 con·

208 2914 365 2999 cipiuntur
387 2926 423 2981 ut
444 2919 618 3003 compositae
639 2942 675 2983 ex
697 2920 891 3004 replicatione
913 2917 1070 2983 cuiusdam
1093 2916 1245 2981 distantia
1264 2913 1303 2978 ad

209 3028 368 3095 arbitrium
391 3029 615 3096 determinata:
638 3041 668 3096 et
687 3031 729 3098 sic
750 3055 813 3095 una
827 3031 939 3095 dicitur
953 3032 1047 3095 altera
1060 3030 1165 3109 maior,
1181 3027 1304 3114 quando

209 3140 243 3203 in
256 3164 319 3206 una
333 3141 446 3227 pluries
461 3164 553 3226 quam
567 3142 599 3207 in
615 3143 709 3207 altera
723 3143 861 3228 replicari
874 3151 976 3228 potest
990 3142 1043 3207 illa
1057 3164 1208 3206 mensura.
1243 3139 1304 3204 Sed

211 3274 307 3337 quum
329 3252 568 3338 distantiaque
587 3255 753 3319 assumitur
774 3276 830 3339 pro
851 3256 979 3333 unitate,
995 3276 1059 3318 non
1080 3254 1120 3317 sit
1141 3253 1231 3317 realis
1244 3252 1306 3315 nisi

211 3365 334 3451 quando
353 3364 439 3430 adest
460 3366 539 3430 reale
558 3376 707 3450 punctum
729 3368 863 3431 materiae
880 3389 947 3431 eam
968 3367 1135 3432 terminans
1156 3373 1236 3444 actu,
1259 3363 1306 3428 di-

212 3476 325 3541 stantia
346 3486 521 3542 mensurata
541 3500 595 3564 per
616 3478 695 3544 hanc
717 3478 867 3543 unitatem
888 3500 952 3542 ιιοιι
974 3477 1032 3542 erit
1047 3476 1214 3542 multitudo
1228 3476 1305 3540 rela-

212 3590 333 3655 tionum
355 3589 518 3673 mqualium
542 3588 680 3670 realium,
703 3590 764 3653 nisi
786 3589 987 3675 quandoper
1009 3598 1107 3654 totam
1130 3588 1306 3653 distantiam

213 3702 342 3767 aderunt
356 3710 471 3787 puncta
483 3702 576 3766 realia
590 3702 709 3766 realiter
723 3702 920 3767 terminantia
938 3723 1045 3767 omnes
1067 3702 1200 3766 unitates
1219 3700 1252 3764 in
1271 3722 1307 3764 ea

214 3812 463 3897 comprehensas:
487 3812 519 3875 in
541 3813 625 3877 omni
648 3812 707 3876 alio
728 3835 800 3877 casu
814 3812 970 3898 quantitas
985 3812 1140 3878 distantiae
1157 3834 1219 3877 non
1234 3832 1306 3875 con-

215 3925 361 3990 stituetur
374 3946 411 3988 ex
424 3922 497 3987 reali
511 3923 631 3987 formali
645 3923 853 4002 multitudine,
869 3923 924 3988 sed
937 3946 974 3987 ex
987 3924 1110 3988 virtuali
1123 3931 1255 3987 tantum.

259 4036 352 4116 Hinc,
368 4034 491 4121 quando
506 4034 658 4099 dstmdae
672 4035 883 4119 exprimuntur
900 4035 1045 4114 numeris,
1060 4036 1215 4120 quantitas
1236 4056 1307 4099 con-

215 4148 303 4212 tinua
332 4145 517 4231 respondens
546 4146 740 4210 continentati
769 4156 880 4226 motus
896 4146 1049 4232 possibilis
1074 4146 1245 4231 coneipitur
1269 4146 1309 4210 ad

217 4258 342 4325 modum
367 4257 547 4343 quantitatis
572 4257 740 4323 virtualiter
764 4265 886 4325 tantum
913 4258 1060 4322 discretae.
1104 4257 1309 4341 Numquam

217 4371 327 4456 positio
349 4370 550 4434 terminorum
575 4369 701 4434 realium
724 4369 994 4435 determinantium
1014 4368 1148 4433 unitates
1174 4367 1310 4452 singulas

1086 4499 1102 4541 s
1116 4481 1138 4542 2
