3200 4984
206 392 275 436 cnr.
292 372 363 457 111.]
567 393 685 438 nanum
701 394 935 440 rnrnnamuu.
1266 376 1310 440 69

205 558 307 622 anima
322 569 368 623 est
382 558 480 623 forma
495 560 628 645 corporis
643 559 801 639 naturalis,
813 582 876 625 non
888 582 958 625 vero
973 560 1182 626 substantialis
1193 562 1308 644 stricte,

205 667 274 741 ideo
282 670 431 735 addemus
438 693 544 755 pauca,
557 671 671 757 quibas
679 672 855 757 responderi
864 671 903 737 ab
912 672 1089 738 adversariis
1098 696 1161 737 non
1171 676 1293 760 poterit.

251 780 430 845 athamas
447 784 490 866 (p.
509 786 537 845 1.
551 805 581 867 q.
594 784 648 849 76.
659 806 686 847 a.
699 785 743 866 5.)
762 782 822 847 sibi
837 784 979 869 proponit
994 784 1073 850 hanc
1089 786 1308 853 difficultatem.

205 893 340 958 Materia
360 894 442 959 debet
464 917 524 959 erse
536 897 765 978 proportionata
773 896 892 980 forma.
938 897 999 961 Sed
1016 899 1115 961 anima
1132 900 1308 964 intellectiva

204 1011 249 1068 est
259 1004 363 1088 forma
379 1005 619 1089 incorruptibilia.
666 1008 739 1070 Nan
760 1029 829 1091 erpo
850 1009 1050 1073 convenienter
1071 1011 1173 1073 unitur
1192 1015 1308 1095 corpori

204 1118 397 1199 corruptibili.
442 1118 484 1181 Et
498 1118 664 1203 respondet
678 1118 763 1203 quod
784 1121 817 1182 in
838 1122 962 1183 materia
985 1122 1092 1204 deplere
1114 1123 1240 1187 emaditio
1261 1126 1306 1187 in·

203 1228 340 1291 venitur:
363 1250 433 1307 ana,
457 1251 521 1312 quc
542 1230 662 1314 clipitnr
684 1231 725 1293 cd
744 1232 808 1309 leae,
833 1232 971 1315 quadril
992 1236 1162 1299 conveniens
1175 1235 1305 1319 sormae:

203 1338 274 1415 alia,
291 1361 354 1421 qna
368 1362 405 1403 ee
419 1341 591 1405 necessitate
605 1344 791 1426 consequitur
798 1345 931 1426 priorem
948 1345 1174 1429 dispositionem.
1221 1349 1307 1413 Sient

203 1451 319 1533 ortifec
333 1453 375 1513 ad
385 1451 517 1533 sormam
531 1474 618 1517 serre
632 1455 717 1537 clipit
730 1456 884 1518 materiam
891 1456 1025 1539 ferream
1038 1466 1138 1541 aptam
1154 1459 1195 1521 ad
1205 1480 1305 1523 secan-

203 1561 271 1624 dum
290 1563 386 1625 dura:
409 1562 462 1626 aed
482 1565 561 1647 qnod
579 1564 678 1628 dentes
698 1588 786 1629 acrrae
807 1567 937 1630 hebetari
951 1569 1079 1650 poesim,
1096 1578 1124 1633 et
1145 1572 1307 1656 rabipinem

203 1676 383 1753 contrahere,
398 1677 531 1759 sequitur
552 1698 590 1742 ec
608 1677 778 1741 morantate
797 1680 936 1742 materie.
983 1681 1036 1743 Sic
1053 1684 1145 1764 ipitur
1160 1690 1189 1745 et
1204 1685 1307 1748 anime

203 1786 385 1851 intellectiva
399 1788 518 1851 debetur
533 1811 647 1870 corpus,
664 1789 744 1872 qaod
754 1790 796 1852 sit
810 1790 931 1872 aequalia
946 1790 1161 1874 complosionis.
1185 1793 1239 1856 Ee
1253 1794 1307 1859 liae

202 1908 301 1963 uatem
315 1900 350 1962 de
363 1901 535 1964 mcesaitate
548 1902 678 1964 materie
691 1903 824 1984 sequitur
839 1902 918 1984 qnod
929 1903 969 1965 sit
984 1903 1183 1985 corruptibile.

247 2009 336 2075 Circa
357 2020 460 2096 quam
472 2012 700 2095 responsionem
722 2012 810 2097 plura
831 2013 932 2076 notari
953 2022 1092 2097 possunt.
1136 2015 1178 2078 nt
1207 2016 1307 2100 primo

204 2122 289 2207 quod
311 2122 424 2207 duplex
446 2122 592 2201 conditio,
608 2144 676 2207 quae
698 2122 853 2185 invenitur
875 2122 905 2185 in
930 2122 1057 2186 materia
1078 2122 1159 2203 ferri,
1175 2146 1238 2187 non
1260 2126 1307 2188 in·

204 2235 326 2298 venitur
351 2234 385 2298 in
410 2257 445 2297 ea
467 2234 585 2297 ratione
610 2233 745 2297 materiae
767 2232 883 2317 primae,
900 2232 953 2296 sed
979 2234 1096 2297 ratione
1115 2233 1221 2298 formae
1242 2258 1307 2299 eor-

204 2346 369 2431 ruptibilis,
393 2370 462 2431 quae
487 2347 590 2410 estin
617 2355 727 2409 natura
752 2345 833 2409 ferri.
880 2346 953 2408 Non
979 2344 1061 2408 enim
1088 2344 1194 2409 dentes
1220 2369 1308 2411 serrae

204 2459 340 2524 hebetari
359 2468 490 2545 possunt
509 2458 582 2544 quia
601 2468 674 2522 sunt
695 2458 811 2536 dentes,
829 2457 882 2521 sed
897 2457 970 2542 quia
984 2465 1058 2520 sunt
1072 2458 1144 2521 ferri
1159 2460 1308 2543 corrupti-

204 2569 284 2650 bilis,
300 2579 331 2635 et
350 2571 465 2635 ferrum
486 2593 549 2634 non
567 2578 613 2634 est
636 2569 834 2654 corruptibile
854 2569 927 2653 quia
944 2576 991 2632 est
1011 2568 1147 2648 materia,
1164 2570 1217 2634 sed
1237 2571 1309 2655 quia

203 2681 296 2746 habet
311 2690 412 2767 partes
426 2704 508 2745 nexu
523 2704 577 2745 seu
591 2682 690 2745 forma
703 2678 837 2743 naturali
852 2678 1044 2763 corruptibili
1058 2678 1246 2744 coniunctas.
1274 2681 1307 2745 si

205 2818 278 2879 ergo
300 2794 521 2879 praescindatur
543 2816 561 2857 a
584 2792 682 2856 forma
699 2792 834 2855 naturali
853 2790 1053 2876 corruptibili,
1069 2792 1196 2855 materia
1216 2792 1254 2856 de
1276 2816 1309 2857 se

205 2928 267 2970 non
281 2914 328 2970 est
343 2905 558 2991 corruptibilis.
605 2905 697 2969 Unde
712 2911 911 2987 argumentor
925 2903 988 2967 sic:
1012 2903 1109 2987 Atqui
1132 2904 1164 2967 in
1184 2904 1308 2969 homine

204 3026 336 3081 nonest
358 3018 460 3101 aliqua
481 3017 579 3080 forma
601 3014 736 3100 corporis
757 3014 964 3099 corruptibilis
986 3014 1070 3077 iuxta
1094 3016 1125 3078 S.
1147 3014 1306 3096 Thomam,

204 3151 301 3213 quum
319 3151 383 3192 non
405 3128 445 3193 sit
463 3129 521 3193 alia
540 3128 649 3206 forma,
664 3126 725 3189 nisi
745 3126 847 3189 anima
868 3125 944 3189 dans
965 3148 1030 3189 esse
1050 3126 1178 3211 corpori.
1223 3128 1307 3213 Ergo

204 3241 297 3305 homo
322 3250 370 3305 est
394 3239 644 3324 incorruptibilia.
690 3236 783 3313 Quod
809 3245 855 3301 est
885 3236 1006 3301 falsum.
1055 3236 1196 3302 Secundo
1225 3239 1307 3303 idem

203 3352 402 3416 confirmatur
424 3374 460 3415 ex
474 3374 510 3415 eo
525 3350 608 3435 quod
623 3349 666 3413 ait
680 3348 753 3412 alibi
768 3371 848 3432 saepe
865 3349 895 3412 S.
912 3348 1055 3427 Thomas,
1072 3348 1155 3433 quod
1169 3349 1319 3415 videlicet'

205 3464 332 3532 materia
346 3462 515 3527 seeundum
531 3486 563 3526 se
579 3470 623 3525 eat
638 3461 878 3544 incorruptibilis,
894 3468 925 3523 et
940 3482 977 3523 ex
991 3482 1026 3523 eo
1041 3460 1125 3544 quod
1146 3460 1189 3524 ait
1218 3462 1259 3545 (p.
1279 3465 1308 3527 1.

195 3588 235 3660 ‘q.
248 3578 298 3640 75.
313 3597 340 3639 a.
357 3576 413 3659 6.),
426 3574 509 3659 quod
523 3574 679 3638 secundnm
690 3574 743 3636 loc
757 3573 864 3636 accidit
878 3574 910 3634 in
924 3575 1048 3635 naalma
1062 3575 1220 3656 corruptio,
1233 3575 1312 3657 quod

203 3695 359 3771 separatur
371 3688 487 3771 formo
502 3688 539 3750 ab
559 3708 603 3749 ec.
649 3683 741 3748 Unde
762 3691 960 3767 argumentor
986 3683 1118 3746 iterum:
1154 3683 1187 3747 Si
1212 3684 1311 3748 forma

205 3798 282 3862 dans
305 3820 373 3862 esse
396 3798 514 3882 corpori
538 3805 584 3861 est
608 3795 672 3861 sola
694 3796 806 3873 anima,
822 3794 908 3858 nulla
933 3794 969 3857 fit
991 3794 1125 3878 corporis
1145 3796 1311 3880 corruptio,

205 3910 265 3973 nisi
279 3932 334 3994 per
348 3909 570 3993 separationem
586 3907 624 3972 ab
639 3906 750 3971 anima.
796 3905 895 3993 Atqui
910 3905 989 3969 fiunt
1009 3904 1043 3967 in
1065 3927 1189 3988 corpore
1207 3906 1312 3973 multae

202 4022 422 4106 corruptiones,
437 4042 501 4084 non
517 4030 655 4106 separata
669 4020 780 4097 anima,
799 4026 835 4081 ut
850 4040 946 4102 quum
970 4016 1094 4099 sanguis
1116 4025 1255 4081 mutatur
1277 4018 1311 4083 in

205 4155 337 4211 carnem,
353 4132 486 4217 adipem,
499 4139 557 4195 eta.
602 4131 686 4215 Ergo
700 4152 763 4193 non
778 4138 824 4193 est
842 4129 944 4192 anima
959 4127 1056 4192 forma
1073 4128 1149 4192 dans
1169 4152 1234 4194 esse
1246 4152 1313 4195 cor·

184 4243 283 4329 ..pori
328 4241 421 4319 Quod
450 4242 477 4305 si
507 4242 610 4311 dicant
640 4240 803 4305 adversarii
834 4240 1044 4324 corruptiones
1074 4241 1224 4305 eiusmodi
1249 4263 1310 4306 non

188 4354 313 4422 ‘tollere
327 4353 477 4420 rationem
491 4352 623 4437 corporis
638 4350 776 4430 humani,
787 4359 822 4415 nt
837 4353 965 4429 lamani,
978 4349 1229 4435 respondebimus
1241 4373 1312 4415 con·
