3200 4984
302 375 367 437 206
601 397 643 441 ns
660 396 865 442 susscsxcss
881 395 1065 441 consonus.
1245 376 1333 459 [cxx.
1349 394 1405 437 111.

300 560 366 625 aliae
381 561 420 627 ad
435 562 580 628 maiorem
597 561 774 628 distantiam
790 573 946 643 tenentur,
961 563 1006 627 ita
1020 574 1055 627 ut
1067 563 1182 648 percipi
1196 562 1294 647 possit
1307 564 1404 627 inter·

298 674 401 759 ruptio
416 674 600 739 extensionis
615 675 777 741 sensibilis.
823 676 971 761 Exempla
985 685 1059 741 sunt
1073 676 1245 754 innumera,
1261 686 1296 740 ut
1312 700 1339 740 v.
1356 698 1404 760 gr.

298 786 430 870 lignum,
457 787 519 865 nix,
546 785 633 866 ebur,
657 786 787 866 rincum,
816 797 885 866 etc,
915 797 947 850 et
969 788 1138 871 praesertim
1167 787 1305 872 spongia.
1350 788 1404 851 In·

300 898 424 983 aequalis
439 908 541 963 autem
556 898 705 964 connexio
721 900 887 984 saepissime
901 898 999 963 oritur
1013 922 1050 963 ex
1058 900 1157 963 causis
1166 899 1405 964 accidentalibus

299 1010 475 1075 extrinsecis
497 1009 698 1075 influentibus
720 1009 987 1075 informationem
1011 1010 1154 1096 corporis,
1178 1034 1258 1095 saepe
1279 1033 1349 1075 vero
1366 1033 1404 1075 ex

300 1120 425 1185 diversis
440 1122 559 1185 naturis
575 1120 792 1185 molecularum
809 1121 1062 1185 constituentium
1078 1143 1198 1205 corpus.

344 1236 416 1299 114.
443 1234 717 1318 Compressibilitos.
763 1233 909 1317 Sequitur
923 1256 961 1297 ex
980 1233 1154 1317 porositate‚
1177 1243 1208 1296 et
1223 1232 1339 1297 nullam
1355 1233 1404 1296 in·

298 1344 395 1410 cludit
418 1344 639 1409 difficultatem.
684 1344 741 1408 Est
764 1358 867 1408 autem
890 1345 1058 1429 proprietas
1081 1366 1254 1429 corporum,
1280 1352 1406 1429 propter

299 1479 392 1541 quam
407 1478 531 1541 corpora
546 1456 649 1521 reduci
663 1466 803 1542 possunt,
819 1456 925 1520 saltem
941 1456 1122 1535 transitorie,
1146 1456 1185 1521 ad
1200 1455 1304 1520 minus
1318 1455 1405 1520 voln-

300 1592 381 1634 men.
426 1569 528 1633 lltiam
551 1570 616 1635 haec
636 1571 807 1655 proprietas
820 1590 885 1633 non
906 1578 1007 1653 potest
1028 1569 1187 1633 commode
1208 1568 1350 1653 explicari
1363 1568 1404 1633 ab

302 1682 349 1761 iis,
374 1681 428 1766 qui
450 1683 608 1747 materiam
632 1682 808 1747 continuam
831 1691 962 1766 ponunt,
984 1690 1016 1745 et
1037 1704 1104 1745 eam
1122 1680 1405 1765 impenetrabilem

301 1791 362 1856 nisi
375 1792 456 1855 enim
473 1793 535 1857 sint
549 1815 644 1857 vacua
666 1793 699 1856 in
715 1792 904 1877 corporibus,
920 1792 1104 1876 compressio
1119 1815 1182 1857 non
1196 1794 1259 1872 fiet,
1274 1793 1335 1856 nisi
1349 1816 1406 1877 per

300 1904 608 1989 compenctrationem
636 1905 789 1989 partium3
813 1927 882 1989 quae
908 1904 933 1968 si
956 1905 1019 1968 sint
1040 1904 1296 1989 impenetrabiles,
1317 1904 1406 1969 nulla

271 2088 273 2093 .
298 2017 356 2082 erit
370 2016 524 2102 possibilis
539 2017 732 2101 compressio.
779 2016 915 2101 Corpora
929 2026 1043 2093 autem,
1055 2015 1171 2079 caeteris
1179 2015 1315 2100 paribus,
1328 2026 1403 2079 sunt

300 2138 387 2192 tanto
402 2128 500 2212 magis
515 2128 763 2214 compressibilia,
779 2136 896 2212 quanto
912 2128 1039 2191 maiores
1055 2136 1127 2191 sunt
1141 2128 1219 2212 pori,
1235 2127 1298 2191 sive
1306 2129 1403 2191 sensi·

299 2241 385 2322 biles,
402 2241 462 2305 sive
485 2241 636 2305 absoluti:
660 2264 732 2304 nam
747 2249 824 2304 tunc
838 2241 916 2304 vires
934 2239 1130 2303 moleculares
1144 2240 1300 2303 remissius
1320 2263 1402 2304 exer-

300 2362 418 2432 centur,
433 2376 526 2438 quam
543 2354 568 2417 si
583 2353 773 2417 minueretur
788 2352 943 2416 distantia.
1413 2430 1419 2440 ἱ

345 2468 417 2529 115.
440 2466 565 2530 laertio.
609 2464 659 2529 De
673 2464 783 2528 inertia
797 2463 874 2526 nihil
891 2473 971 2527 esset
985 2463 1160 2527 addendum
1176 2462 1214 2526 ad
1229 2487 1274 2542 ea,
1290 2486 1358 2548 quae
1369 2464 1402 2527 in

299 2578 397 2662 capite
411 2577 511 2661 primo
527 2576 607 2641 dicta
630 2585 712 2655 sunt,
728 2584 759 2638 et
774 2575 807 2637 in
822 2583 956 2638 tractatu
971 2574 1009 2639 de
1024 2574 1180 2658 principiis
1194 2597 1297 2638 rerum
1312 2561 1404 2640 natu·¹

299 2689 418 2768 salium,
435 2689 494 2752 nisi
516 2711 552 2752 ex
567 2688 700 2772 quodam
717 2686 891 2770 praeiudicio
906 2684 1038 2749 solerent
1053 2686 1192 2749 homines
1212 2686 1404 2751 considerare

300 2801 440 2863 inertiam
456 2808 612 2884 tamquam
627 2798 855 2883 proprietatem,
871 2819 933 2880 qua
947 2818 1072 2880 corpora
1080 2796 1212 2861 tendunt
1227 2797 1267 2861 ad
1277 2821 1403 2861 manen-

301 2911 375 2975 dum
391 2911 424 2975 in
439 2911 573 2995 perfecta
587 2911 699 2995 quiete.
745 2909 862 2973 Inertis
876 2918 979 2974 autem
994 2930 1056 2972 nou
1071 2907 1129 2971 hoc
1144 2916 1276 2992 praestat‚
1293 2910 1347 2973 sed
1356 2918 1403 2973 est

295 3023 429 3107 perfecta
443 3024 642 3107 indifferentia
657 3024 698 3086 cd
709 3024 835 3106 quietem
847 3021 895 3085 ael
906 3028 1026 3098 motum,
1042 3042 1138 3104 quum
1154 3020 1194 3083 sit
1216 3021 1283 3103 ipsa
1304 3022 1403 3104 passi-

302 3134 378 3196 vitas
401 3156 455 3197 scu
477 3134 668 3217 receptivitas
687 3132 829 3197 materiae.
876 3131 951 3195 Ideo
965 3130 1141 3195 addendum
1161 3141 1217 3208 est,
1233 3130 1403 3215 quodlicet

302 3266 392 3309 omne
406 3244 591 3308 elementum
615 3246 748 3330 corporis
771 3244 812 3306 sit
826 3244 860 3305 in
873 3265 906 3305 se
920 3243 1012 3320 iners,
1028 3241 1114 3305 nulla
1127 3251 1231 3304 tamen
1251 3241 1402 3307 molocula

302 3378 454 3441 corporea,
470 3364 501 3420 et
515 3356 637 3421 nullum
652 3378 771 3440 corpus,
787 3364 833 3417 est
848 3354 882 3417 in
899 3377 970 3418 vera
983 3365 1014 3418 ct
1029 3352 1169 3417 absoluta
1183 3353 1304 3436 quiete:
1328 3377 1401 3418 nam

301 3468 434 3533 actiones
446 3467 636 3551 singulorum
648 3468 867 3530 elementorum
876 3474 983 3527 tenent
992 3462 1154 3527 moloculas
1165 3484 1273 3527 omnes
1287 3464 1319 3527 in
1330 3487 1402 3528 con-

301 3579 389 3644 tinuo
404 3588 491 3643 motu
512 3578 675 3643 intrinseco
698 3576 797 3661 quoad
818 3575 942 3659 seipsas,
965 3584 1111 3658 utsupra
1132 3572 1317 3638 declaratum
1333 3585 1401 3640 est:

300 3692 345 3755 ita
358 3698 394 3755 ut
408 3689 530 3754 nullum
545 3689 585 3753 sit
599 3688 737 3753 absolute
751 3685 937 3751 elementum
959 3684 1114 3748 materiale
1129 3684 1162 3747 in
1184 3706 1309 3769 corpore
1324 3708 1401 3770 quo-

301 3803 385 3882 libet,
404 3801 487 3887 quod
509 3822 571 3865 non
592 3800 702 3865 habeat
724 3798 903 3863 naturaliter
924 3797 1056 3882 aliquem
1080 3805 1217 3860 motum:
1240 3796 1301 3859 nisi
1322 3798 1402 3861 forte

294 3937 352 3997 per
367 3915 499 3978 aeddan
512 3934 619 3975 omnes
634 3911 777 3989 actiones,
792 3931 861 3994 quae
875 3908 954 3973 circa
967 3908 1068 3991 ipsum
1085 3917 1262 3971 exercentur
1276 3931 1294 3971 a
1311 3908 1402 3993 longe

301 4034 365 4089 eta
385 4046 489 4109 prope,
514 4046 545 4087 se
560 4031 662 4087 exacte
684 4020 919 4105 aequilibrarcnt‚
942 4018 1024 4104 quod
1044 4018 1223 4082 naturaliter
1236 4041 1308 4095 ,non
1324 4021 1402 4085 solet

302 4135 444 4201 accidere
490 4134 604 4198 Utrum
619 4143 723 4199 autem
737 4132 847 4196 inertia
862 4132 901 4195 sit
923 4132 980 4208 vis,
994 4128 1246 4213 investigabimus
1265 4131 1355 4212 infra,
1371 4144 1402 4197 et

301 4246 553 4331 respondebimus
568 4246 715 4329 negative.

346 4360 418 4420 116.
448 4360 501 4419 Vis
514 4361 631 4419 motiva.
677 4355 767 4432 Quod
791 4356 900 4419 attinet
922 4355 960 4418 ad
983 4354 1143 4432 actionem,
1167 4377 1259 4439 quam
1282 4364 1403 4419 exercet
