3200 4984
314 396 379 457 262
667 420 710 461 nn
727 418 846 463 rursus
860 418 1051 463 courruurs.
1283 396 1368 481 [car.
1384 416 1407 459 1.

314 577 453 645 homines
482 582 515 647 in
544 585 699 649 communi
728 607 867 651 sermone
890 582 1030 649 tribuunt
1052 584 1119 648 loco
1141 580 1313 668 praedicata,
1339 605 1408 668 quae

315 690 388 754 satis
413 694 588 777 ostendunt,
612 719 663 761 eos
691 697 879 762 nominando
906 697 1008 761 locum
1037 718 1100 759 non
1125 695 1295 780 intelligere
1320 694 1408 759 illum

314 800 443 868 limitem
463 814 630 873 externum.
674 809 797 874 Dicitur
817 809 898 873 enim
916 808 1002 873 locus
1021 807 1141 891 plenus,
1162 817 1193 871 et
1213 807 1407 893 semiplenus,

314 924 345 977 et
363 938 494 984 vacuus:
524 920 649 1006 insuper
671 922 783 987 dicitur
804 921 890 987 locus
911 920 1042 999 clausus,
1063 919 1149 984 locus
1170 928 1303 1005 apertus,
1324 920 1409 985 locus

315 1048 465 1110 amoenus,
488 1040 520 1095 et
546 1033 665 1098 similia.
711 1034 786 1099 Hoec
810 1043 912 1098 autem
940 1054 1003 1097 non
1032 1041 1211 1117 competunt
1240 1032 1409 1117 superficiei

315 1160 452 1205 concavae
465 1146 598 1228 corporis
613 1145 784 1226 ambientis,
800 1168 872 1231 quae
885 1167 985 1229 neque
999 1152 1100 1229 potest
1114 1166 1179 1208 esse
1194 1143 1294 1235 plena,
1308 1166 1408 1228 neque

315 1253 489 1337 semiplena,
513 1265 582 1336 etc,
605 1256 658 1321 sed
681 1257 780 1343 spatio
802 1257 977 1322 intercluso.
1022 1257 1173 1321 Praeterea
1201 1279 1271 1320 cum
1301 1255 1410 1340 aequali

314 1365 484 1447 quantitate
513 1369 682 1453 superficiei
711 1368 874 1433 ambientis
903 1367 1091 1452 concipimus
1119 1368 1268 1432 diversam
1293 1368 1409 1452 capaci-

314 1483 407 1539 tatem
438 1500 491 1542 seu
520 1480 723 1564 quantitatem
752 1479 821 1546 loci.
866 1480 917 1545 Sic
938 1489 1069 1565 possunt
1088 1503 1116 1545 v.
1141 1503 1188 1565 gr.
1214 1480 1319 1544 haberi
1348 1480 1411 1544 duo

314 1587 452 1671 cylindri,
468 1612 598 1674 quorum
614 1570 786 1677 superficies
809 1592 871 1656 sint
892 1592 1033 1677 aequales,
1049 1615 1178 1677 quorum
1199 1603 1303 1656 tamen
1320 1614 1409 1677 capa-

313 1699 388 1763 citas
412 1700 450 1763 sit
479 1701 647 1788 inaequalis,
676 1713 799 1789 propter
831 1704 979 1768 diversam
1011 1696 1238 1789 proportionem
1267 1704 1349 1768 basis
1376 1712 1410 1767 et

313 1810 494 1877 altitudinis.
538 1814 642 1890 Quum
665 1838 739 1899 ergo
761 1816 847 1880 locus
870 1817 967 1902 possit
996 1816 1061 1879 fieri
1089 1816 1187 1881 maior
1215 1825 1269 1881 aut
1297 1817 1410 1896 minor,

313 1922 388 2006 quin
418 1926 590 2009 superficies
615 1929 773 1992 continens
797 1929 850 1992 fiat
872 1929 968 1992 maior
987 1938 1040 1992 aut
1062 1928 1172 2007 minor,
1200 1936 1285 2012 patet
1306 1929 1408 1992 locum

312 2056 375 2097 non
390 2058 455 2100 esse
469 2038 567 2122 ipsam
582 2040 770 2124 superficiem
785 2040 1004 2118 continentem,
1024 2039 1077 2103 sed
1099 2040 1232 2124 spatium
1253 2063 1289 2104 ea
1313 2040 1410 2104 inter-

313 2146 441 2212 clusum.
487 2149 555 2214 Hoc
577 2174 647 2216 vero
670 2152 803 2237 spatium
827 2152 939 2216 dicitur
958 2151 1106 2230 clausum,
1126 2151 1249 2236 quando
1272 2152 1409 2236 undique

314 2259 470 2343 superficie
494 2262 630 2327 sensibili
653 2263 920 2343 circumscribitur,
943 2273 1068 2347 apertus
1090 2262 1123 2326 in
1149 2283 1222 2327 casu
1246 2252 1414 2327 contrario.

313 2372 448 2452 Accedit,
478 2374 561 2458 quod
590 2397 699 2459 corpus
728 2377 863 2460 positum
892 2376 926 2439 in
954 2397 1049 2440 vacuo
1077 2374 1169 2438 habet
1199 2383 1279 2439 certe
1307 2374 1409 2439 locum

313 2502 413 2562 suum,
443 2494 474 2546 et
503 2493 603 2568 potest
632 2466 750 2549 mutare
770 2472 881 2549 locum
892 2512 902 2564 3
925 2493 956 2549 et
979 2494 1082 2549 tamen
1104 2506 1168 2547 non
1190 2494 1236 2548 est
1257 2484 1290 2547 in
1313 2507 1410 2549 vacuo

308 2591 414 2677 ‘eliqua
435 2596 607 2679 superficies
629 2597 763 2680 corporis
785 2595 965 2660 ambientis:
995 2618 1088 2680 quam
1114 2594 1324 2659 difficultatem
1349 2594 1409 2658 sibi

313 2715 488 2790 proponunt
509 2708 707 2793 peripatetici,
736 2730 792 2772 nec
821 2717 951 2792 possunt
987 2706 1144 2783 resolvere,
1180 2706 1241 2769 nisi
1277 2706 1408 2771 derelin-

312 2818 434 2900 quendo
457 2841 543 2882 suam
570 2820 776 2885 definitionem
800 2821 869 2899 loci,
889 2828 921 2883 et
943 2818 1125 2883 recurrendo
1150 2818 1189 2881 ed
1212 2825 1352 2882 centrum
1375 2827 1408 2883 et

310 2928 397 3017 polos
412 2929 529 2993 mundi.

356 3042 409 3104 22.
433 3040 587 3116 Quaeritur
609 3043 734 3123 decimo,
757 3054 856 3108 atram
877 3068 914 3108 ec
932 3045 1029 3127 spatio
1050 3044 1164 3121 lineari,
1181 3040 1361 3126 superficiali
1380 3052 1422 3107 et-

312 3152 465 3215 colamim's
478 3166 636 3238 eucarpum
651 3165 711 3219 tres
724 3159 833 3239 species
848 3157 983 3220 locorum.

355 3264 537 3348 Respondes
558 3267 744 3331 affirmative.
788 3268 830 3331 Et
848 3267 971 3353 quidem
991 3268 1089 3352 spatio
1107 3265 1215 3330 lineari
1238 3276 1409 3350 competere

310 3360 411 3459 potest
435 3377 571 3441 definitio
593 3377 660 3442 loci.
717 3380 799 3471 Nam
813 3382 845 3443 1⁰
876 3380 932 3443 llst
957 3378 1097 3464 quaedam
1123 3378 1277 3463 quantitas
1307 3377 1408 3463 spatii.

307 3489 347 3550 2ο
368 3488 443 3551 llius
466 3488 589 3568 limites,
609 3489 680 3553 licet
700 3490 763 3556 sint
782 3499 897 3575 puncta
912 3491 1078 3569 inextensa,
1101 3490 1206 3575 baberi
1224 3500 1353 3574 possunt
1371 3499 1408 3553 ut

308 3599 465 3664 sensibilia
488 3610 541 3666 aut
563 3586 789 3685 imaginabilia,
804 3602 918 3666 saltem
947 3602 1064 3665 ratione
1093 3602 1315 3666 coniunctionis
1337 3624 1408 3667 cum

310 3710 387 3801 aliis,
403 3720 438 3776 ut
453 3736 480 3776 v.
496 3736 542 3797 gr.
559 3713 584 3777 si
598 3713 650 3777 illa
665 3713 726 3777 duo
744 3684 856 3798 puncti
878 3713 1087 3799 concipiantur
1106 3723 1262 3797 tamquam
1281 3712 1407 3778 vertices

311 3824 515 3910 pyramidum.
560 3825 691 3910 Insuper
711 3825 869 3910 quodlibet
888 3837 1038 3909 punctum
1061 3826 1194 3888 materiae
1212 3824 1406 3887 inextensum

311 3946 358 3998 est
373 3934 411 3999 de
426 3958 458 3999 se
472 3936 615 4000 sensibile
634 3959 690 4022 per
709 3959 794 4000 suam
815 3937 963 4000 actionem
979 3937 1012 4000 in
1026 3936 1159 4022 aliquem
1178 3956 1301 3998 sensum
1310 3961 1320 4013 3
1342 3957 1406 3999 non

310 4049 392 4110 enim
412 4042 491 4111 esset
511 4047 633 4112 relative
654 4046 804 4112 sensibilis
825 4050 902 4111 actio
922 4048 1066 4131 plurium,
1087 4048 1148 4111 nisi
1167 4055 1247 4110 esset
1269 4046 1406 4111 absolute

311 4158 461 4221 sensibilis
477 4136 555 4222 actio
571 4160 772 4244 singulorum.
818 4159 911 4237 Hinc,
926 4157 1006 4237 licet,
1022 4169 1057 4221 ut
1072 4180 1129 4221 nos
1138 4159 1290 4241 possimus
1304 4158 1406 4223 ridere

309 4270 356 4332 vel
385 4277 520 4352 tangere,
534 4292 671 4352 necesse
691 4271 739 4336 ¹sit
756 4271 897 4355 proponi
931 4270 1020 4333 nobis
1050 4270 1202 4334 obiectum
1234 4280 1403 4350 extensum,

309 4390 423 4459 tamen,
448 4386 603 4465 proposito
623 4392 756 4463 extenso,
779 4383 917 4447 videmus
931 4383 996 4447 eius
1010 4382 1139 4446 limitem
1159 4385 1360 4461 inextensum,
1376 4406 1405 4447 v.
1436 4434 1441 4443 .
