3200 4984
295 348 361 411 294
655 366 696 409 nn
713 366 832 411 narsus
848 365 1038 408 courmurs.
1233 346 1320 429 [car.
1338 364 1392 408 111.

294 532 432 618 potentis
445 531 485 596 ad
500 531 665 597 creandum
680 540 758 609 etc.;
781 540 813 596 et
825 531 885 595 hoc
895 538 1021 615 propter
1031 528 1108 594 duas
1116 527 1256 593 rationes
1291 527 1394 592 Prima

293 654 351 723 cst,
366 644 438 729 quia
451 643 517 709 haec
531 644 665 709 secunde
678 644 793 709 locutio
808 640 954 727 supponit
963 644 1051 726 priris
1064 648 1095 705 et
1104 649 1185 725 post,
1196 662 1265 725 quae
1278 641 1312 703 in
1325 641 1393 703 Deo

293 754 379 819 nulla
393 764 476 819 sunt.
523 755 590 819 Nos
604 755 728 840 quidem
749 755 842 819 etiam
856 754 1057 819 aeternitatem
1077 753 1138 818 Dei
1151 752 1339 837 concipimus
1352 752 1393 816 ad

292 866 417 931 modum
433 867 572 932 continui
587 868 758 947 successivi,
774 876 805 932 et
825 874 950 952 propter
964 867 1022 930 hoc
1037 865 1171 929 solemus
1185 865 1318 948 cogitare
1332 864 1392 928 vir·

291 986 390 1043 tutem
408 979 470 1044 Dei
488 986 645 1064 tamquam
665 979 890 1044 terminabilem
912 978 952 1042 ad
969 987 1063 1055 extra,
1081 976 1205 1062 quando
1221 1000 1289 1040 eam
1308 999 1392 1040 oom-

291 1111 433 1174 parumus
447 1112 519 1155 cum
533 1112 566 1155 re
581 1090 682 1155 adhuc
697 1089 837 1155 creabili:
852 1099 884 1153 et
899 1089 942 1154 sic
952 1088 1141 1174 concipimus
1154 1089 1188 1153 in
1202 1097 1274 1153 actu
1288 1087 1392 1152 diune

290 1200 453 1285 quamdam
482 1201 735 1286 potentialitatem
767 1202 977 1281 extrinsecam,
1004 1222 1097 1286 quam
1123 1199 1236 1266 rectius
1260 1198 1392 1263 dicimus

290 1312 459 1395 potentiam
475 1312 534 1375 Dei
549 1312 587 1375 ad
602 1320 708 1376 extra:
730 1319 762 1376 at
777 1332 836 1390 res,
852 1334 921 1396 quae
941 1310 1081 1376 nondum
1095 1310 1198 1374 existit
1218 1308 1320 1394 quoad
1333 1332 1391 1373 uos

289 1422 322 1485 in
338 1432 442 1487 nostro
460 1432 606 1508 tempore,
623 1424 684 1487 ism
704 1423 809 1487 existit
826 1424 864 1506 (si
884 1421 1048 1508 aliquando
1067 1444 1123 1507 pro
1141 1422 1230 1486 nobis
1243 1422 1391 1486 exstitura

289 1537 347 1619 est)
368 1536 399 1598 in
421 1544 493 1599 actu
511 1535 690 1600 aternitatis
709 1534 837 1600 divinae:
860 1543 892 1598 et
910 1533 979 1599 ideo
996 1543 1083 1599 actus
1103 1533 1224 1599 divinus
1240 1534 1333 1598 etiam
1350 1533 1391 1597 ad

289 1654 374 1709 extra
388 1655 434 1710 est
452 1656 592 1711 actuatus
606 1648 761 1713 secuudum
775 1670 806 1712 se
820 1646 859 1712 ab
873 1656 996 1726 aeterno,
1012 1646 1083 1710 licet
1097 1670 1116 1710 a
1134 1646 1224 1711 nobis
1238 1647 1391 1730 cogitetur

288 1764 324 1821 ut
339 1756 490 1822 actuabile
504 1758 537 1821 in
559 1760 748 1823 successione
770 1758 935 1843 temporis:
957 1766 990 1822 et
1009 1758 1109 1822 verius
1129 1766 1176 1822 est
1193 1757 1292 1823 dicere
1306 1760 1391 1822 Deus

287 1877 377 1947 creat,
387 1891 480 1954 quam
495 1869 594 1935 dicere
603 1873 686 1937 Deus
700 1872 811 1936 crcumt
821 1869 867 1935 vel
882 1872 1002 1949 meabit,
1016 1870 1267 1955 quotiescumque
1277 1892 1340 1934 nou
1349 1871 1390 1935 ad

287 1982 463 2061 terminum,
488 1983 541 2047 sed
562 1983 601 2048 ad
623 1992 766 2068 agentem
788 1992 978 2069 spectamus.
1023 1981 1164 2047 Secum
1184 1991 1294 2055 autem>
1310 1984 1389 2047 ratio

287 2101 343 2172 est,
359 2094 442 2179 quod
462 2118 527 2159 esse
542 2096 575 2159 in
590 2096 727 2180 potentia
743 2096 856 2160 dicitur
870 2096 909 2160 de
929 2096 977 2175 iis,
993 2094 1106 2180 quibus
1120 2094 1237 2180 aliquid
1250 2103 1321 2159 actu
1335 2095 1388 2159 de-

286 2214 342 2285 est,
365 2205 448 2291 quod
470 2206 612 2292 deinceps
634 2208 776 2272 habitura
799 2216 884 2286 suut,
905 2207 953 2272 vel
975 2206 1087 2270 habere
1108 2216 1257 2291 possunt3
1278 2216 1310 2271 et
1329 2207 1388 2272 hoc

285 2318 426 2382 convenit
437 2320 560 2383 entibus
570 2318 756 2383 habentibus
767 2320 937 2403 potentiam
948 2318 1139 2403 receptivam,
1151 2340 1206 2383 seu
1216 2317 1386 2402 passivam3

284 2440 390 2494 contra
402 2453 481 2510 vero,
494 2454 590 2516 quum
606 2432 708 2515 agitur
719 2430 756 2494 de
767 2432 881 2495 virtute
895 2430 1003 2510 activa,
1018 2452 1086 2515 quae
1100 2439 1146 2494 est
1155 2439 1242 2495 actus
1255 2429 1386 2514 agentis,

284 2563 347 2604 uon
363 2541 474 2607 dicitur
488 2565 582 2627 agens
596 2565 662 2607 esse
676 2543 710 2606 iu
725 2543 873 2628 potentia,
890 2542 942 2606 sed
957 2542 1062 2626 potius
1080 2542 1218 2626 potentia
1234 2552 1306 2607 actu
1319 2565 1386 2607 esse

283 2651 316 2715 in
331 2661 450 2737 agente.

327 2766 378 2828 54.
403 2764 558 2841 Quaeritur
571 2766 662 2831 tertio
674 2789 715 2831 un
728 2770 823 2832 virtus
836 2788 940 2832 careas
953 2768 1032 2830 omni
1045 2768 1204 2831 intrinseca
1211 2768 1387 2851 potentiali-

283 2885 344 2941 tute
358 2879 398 2940 ait
413 2878 528 2961 aliquid
540 2882 704 2943 creatam*.

327 2988 508 3074 Respondeo
529 2992 679 3075 negative,
699 2992 771 3077 quia
789 2992 907 3057 creatio*
921 2992 1029 3077 nequit
1047 2990 1204 3055 terminari
1218 2990 1257 3055 sd
1271 2992 1383 3056 immu-

282 3098 384 3163 tabile.
429 3101 551 3166 Deinde
572 3122 663 3167 omne
687 3112 823 3168 creatum
843 3112 890 3169 est
907 3102 1215 3188 ens-participatum
1238 3112 1270 3167 st
1286 3104 1384 3168 uitus

282 3218 346 3273 tota
361 3220 483 3275 actuata
497 3234 560 3277 non
575 3223 622 3279 est
642 3214 759 3299 ahquid
776 3215 1014 3299 participatum
1036 3237 1120 3298 ergo.
1164 3214 1296 3299 Insuper
1315 3238 1382 3301 per-

280 3322 446 3387 lectissima
460 3346 619 3405 causarum
634 3336 680 3390 est
694 3327 794 3411 prima
808 3349 908 3406 causa,
923 3349 991 3412 quae
1005 3335 1052 3392 est
1066 3327 1218 3393 increata:
1241 3328 1328 3412 atqui
1347 3350 1384 3392 ex

281 3434 370 3498 dictis
395 3434 492 3499 virtus
515 3458 620 3501 carens
645 3437 811 3503 intrinseca
840 3438 1062 3523 potentialitate
1091 3447 1137 3502 est
1162 3438 1382 3523 perfectissima

280 3568 460 3625 causarum3
482 3570 566 3633 ergo.

312 3813 331 3851 *
349 3808 418 3875 Quae
431 3813 568 3881 ponuutau
579 3808 631 3863 hoc
648 3826 761 3862 numero
779 3813 808 3862 at
818 3808 993 3880 sequentibus
1001 3826 1086 3881 usque
1099 3809 1134 3864 ad
1144 3810 1227 3864 finem
1243 3809 1326 3865 huius
1337 3828 1381 3865 ar-

278 3894 364 3964 ticuli,
376 3894 543 3950 videbuntur
556 3912 664 3968 prorsus
681 3894 798 3965 inutilia,
811 3895 997 3967 praesertimsi
1016 3902 1204 3969 comparentur
1217 3914 1282 3952 cum
1297 3898 1380 3952 titulo

277 3982 359 4037 huius
370 3986 509 4037 hastatus.
546 3981 618 4035 Mihi
631 3985 724 4055 tamen
734 3999 790 4035 non
802 3982 901 4036 inutile
912 3983 1005 4036 visum
1017 3987 1059 4037 est
1076 3983 1136 4037 haec
1147 3983 1252 4053 addere,
1265 3989 1293 4037 et
1305 3985 1339 4038 de
1350 4002 1380 4039 re

277 4070 480 4126 evidentissima
508 4087 606 4141 paucas
631 4068 794 4140 quaestiones
820 4069 955 4139 inducere,
986 4070 1106 4125 uthina
1132 4072 1223 4125 lucem
1245 4071 1380 4144 accipiant

277 4157 415 4226 maiorem,
428 4173 488 4227 quae
507 4154 591 4209 simili
609 4155 702 4209 ordine
718 4154 901 4227 questionum
916 4155 1093 4212 mactavimus
1105 4158 1139 4212 de
1154 4158 1244 4231 spatio
1256 4164 1285 4212 et
1296 4160 1378 4214 dura-

276 4236 357 4313 tione,
371 4247 400 4298 et
410 4247 502 4315 pateat
513 4242 648 4313 quomodo
660 4242 787 4314 spatium,
800 4247 908 4315 tempus
920 4249 948 4299 et
959 4250 1050 4300 motus
1062 4263 1096 4300 ex
1110 4263 1236 4318 supremo
1246 4247 1390 4302 realitatis·

277 4331 360 4399 fonte,
374 4329 503 4383 milormi
515 4328 654 4397 methodo,
667 4328 783 4383 derivari
792 4328 908 4409 possint.
