3200 4984
727 1143 784 1208 ΒΕ

265 1451 763 1557 8ΠΒ8ΤΑΝΤΙΑ
823 1452 1249 1561 ocuranda

209 2139 239 2199 1.
265 2114 445 2205 CORPUS
463 2136 675 2221 (quacumque
688 2136 815 2202 tandem
830 2137 869 2201 sit
884 2137 977 2201 huius
992 2136 1126 2202 nominis
1148 2136 1306 2219 derivatio)

204 2258 253 2312 eat
266 2257 378 2313 natura
392 2248 531 2333 quadam
551 2248 771 2327 substantialis,
789 2270 858 2333 quoe
876 2248 1001 2335 physice
1023 2248 1177 2332 corrumpi
1195 2255 1306 2333 potest.

208 2360 437 2437 Quum'autem
458 2360 614 2445 corruptio
634 2360 761 2447 physica
778 2360 819 2424 sit
839 2358 984 2424 resolutio
1003 2382 1109 2439 nexus,
1130 2359 1185 2444 qui
1206 2359 1309 2423 existit

205 2473 287 2537 inter
311 2481 413 2557 partes
436 2472 607 2558 compositi,
630 2472 703 2537 hinc
727 2473 760 2536 in
786 2471 928 2568 quolibet·
953 2493 1078 2556 corpore
1107 2471 1308 2537 inveniuntur

204 2584 372 2650 necessario
401 2583 477 2650 tria:
517 2586 560 2647 1⁰.
593 2583 700 2648 Partes
729 2584 824 2647 reales
854 2582 1090 2647 substantiales:
1127 2586 1172 2648 2⁰.
1211 2606 1307 2648 nexus

203 2696 329 2784 quidam
345 2696 478 2781 partium
493 2695 533 2759 ad
547 2695 800 2759 constituendum
817 2703 921 2759 totum
942 2696 1165 2779 compositum:
1192 2698 1237 2759 3⁰.
1262 2697 1307 2760 vis

204 2808 343 2895 quaedam
364 2807 524 2891 compositi
544 2806 754 2871 substantialis
773 2806 927 2871 resultans
944 2829 981 2871 ex
1000 2815 1110 2871 natura
1128 2807 1261 2892 partium
1276 2816 1307 2871 et

203 2943 309 2984 earum
337 2941 418 2988 nexu
448 2917 659 2982 determinato.
715 2918 764 2983 De
793 2918 843 2981 his
872 2916 971 2982 tribus
1002 2918 1141 2983 ordinate
1178 2918 1307 2984 totidem

204 3029 356 3113 capitibus
371 3052 506 3113 agemus.

661 3371 802 3436 CAPUT
825 3372 853 3436 Ι.

390 3565 441 3619 DE
456 3565 648 3620 PARTIBUS
666 3564 879 3621 cORPORUM
897 3565 1119 3621 PRIMITIVIS.

249 3704 280 3765 2.
305 3700 484 3766 Ostendant
498 3702 631 3780 chimici,
647 3700 836 3765 substantias
851 3701 1006 3766 naturales
1029 3702 1160 3767 mirabili
1182 3724 1307 3787 prorsus

206 3814 339 3898 gaudere
361 3813 577 3893 divisibilitate,
594 3821 626 3877 et
647 3813 787 3898 partibus
809 3813 853 3877 ita
875 3813 1009 3877 minimis
1031 3822 1236 3893 constarent
1258 3816 1307 3880 vix

204 3925 287 3990 credi
301 3948 349 3989 res
363 3925 461 4009 possit
475 3924 514 3988 ab
535 3924 583 4004 iis,
599 3924 712 4009 quibus
731 3946 794 3987 non
817 3923 904 3987 licuit
924 3922 1076 3987 institutis
1094 3924 1308 4008 experimentis

205 4060 272 4103 eam
283 4037 448 4121 explorare.
471 4036 580 4099 Parem
590 4036 822 4101 admirationem
834 4036 966 4101 excitant
976 4035 1158 4100 animalcula
1169 4036 1308 4120 quaedam

204 4149 330 4235 liquidis
344 4147 525 4227 innatantia,
541 4155 572 4211 et
586 4146 670 4211 nudo
684 4148 773 4212 oculo
795 4170 921 4231 prorsus
940 4146 1115 4226 invisibilia,
1130 4145 1185 4211 sed
1198 4147 1307 4211 micro-

204 4261 308 4345 scopio
329 4258 419 4324 nobis
440 4266 572 4337 ostensa,
595 4281 663 4343 quae
684 4258 717 4321 in
740 4267 826 4322 tanta
848 4259 937 4322 molis
959 4258 1110 4323 tenuitate
1135 4281 1253 4338 nervos,
1276 4271 1307 4324 et

204 4373 370 4452 musculos,
394 4380 425 4436 et
449 4370 603 4450 humores,
629 4380 659 4434 et
683 4372 786 4434 omnia
815 4379 934 4454 orgaua‘
955 4370 993 4434 ad
1023 4371 1116 4434 vit-arn
1145 4371 1306 4437 animalem

1115 4504 1135 4544 a
