3200 4984
219 392 295 439 car.
310 372 368 460 ra]
546 393 590 437 nr
605 393 808 438 suessanum
823 395 1005 441 consonas.
1110 432 1116 441 .
1260 376 1320 439 181

263 567 317 629 85.
340 564 444 649 Atque
458 562 516 628 hoc
530 562 597 627 loco
612 562 696 627 iuvat
711 562 843 627 breviter
857 562 1002 627 adnotare
1018 562 1219 628 differentiam
1228 564 1324 628 inter·

217 676 376 747 cedentem
391 677 472 738 inter
482 696 540 739 nos
550 683 581 738 et
590 674 813 759 peripateticos.
857 674 1052 760 Peripatetici
1061 674 1322 759 dicebantaquam

217 812 245 851 v.
263 810 309 870 gr.
325 787 391 851 fieri
406 808 459 871 per
481 807 635 851 accessum
649 786 755 850 formae
778 786 988 852 substantialis
1008 786 1047 850 ad
1061 786 1220 852 materiam
1234 809 1322 872 aqum

217 899 463 984 praeexistentem
479 898 536 962 sub
551 897 611 962 alia
624 898 723 963 forma
746 898 939 963 substantiali
961 908 1120 983 pereunte.
1164 898 1232 963 Nos
1246 898 1322 963 dici·

216 1033 287 1074 mus
302 1032 412 1096 aquam
426 1010 492 1075 fieri
507 1032 562 1093 per
576 1031 730 1074 accessum
745 1009 851 1074 formae
866 1009 1059 1074 accidentalis
1073 1008 1113 1073 ad
1134 1009 1321 1073 substantias

217 1122 366 1206 quasdam
381 1121 607 1207 praesistentes
623 1121 681 1185 sub
700 1121 760 1185 alia
774 1122 873 1185 forma
886 1117 1065 1185 accidentali
1077 1129 1236 1205 pereunte.
1279 1120 1320 1185 In

216 1256 279 1319 qno
293 1255 357 1297 non
374 1233 473 1297 solum
489 1232 708 1297 concordamus
723 1255 794 1297 cum
805 1233 940 1319 physicis
954 1231 1250 1317 experimentalibus,
1267 1232 1320 1297 sed

217 1345 310 1409 ctiam
331 1344 467 1429 rigorose
487 1344 644 1429 sequimur
665 1344 934 1428 peripateticorum
956 1344 1115 1429 principia,
1136 1344 1201 1429 qui,
1220 1346 1320 1429 posita

217 1480 280 1521 una
294 1458 392 1521 forma
414 1455 610 1520 substantiali
625 1455 717 1521 dante
738 1456 871 1540 primum
895 1479 971 1535 esse,
993 1479 1101 1521 omnes
1114 1456 1190 1521 alias
1204 1456 1318 1521 formas

215 1569 411 1645 advenientes
427 1567 564 1631 subiecto
585 1566 694 1631 iamin
710 1590 742 1631 se
757 1568 928 1631 constituto
948 1568 1087 1632 latentur
1099 1590 1166 1632 esse
1179 1569 1318 1632 acciden-

215 1679 302 1744 tales.
348 1680 409 1743 Sed
424 1679 596 1743 differentia
609 1688 656 1743 est
670 1679 703 1744 in
718 1680 786 1759 hoc,
802 1680 886 1765 quod
900 1681 971 1765 ipsi,
991 1690 1100 1765 utpote
1121 1681 1319 1745 admittentes

214 1792 374 1855 materiam
398 1791 585 1869 continuam,
604 1813 672 1857 non
689 1802 816 1876 possent
833 1792 982 1877 explicare
999 1802 1161 1877 pereuntes
1182 1796 1318 1877 proprie-

214 1912 294 1967 tates
315 1924 486 1987 ccrpomm,
508 1902 569 1966 nisi
590 1925 645 1987 per
666 1904 853 1967 mutationes
875 1904 955 1968 circa
974 1904 1087 1968 formas
1102 1903 1318 1968 substantiales

216 2015 325 2079 dantes
347 2014 482 2098 primum
501 2037 567 2079 ease
593 2015 744 2079 materiae:
767 2037 825 2079 nos
851 2037 922 2080 vero
947 2017 1145 2081 admittentes
1166 2016 1318 2080 elementa

216 2126 366 2212 simplicia
380 2126 467 2190 nullo
481 2125 573 2191 modo
588 2148 733 2210 cogamur
748 2135 868 2190 mutare
882 2127 1015 2212 aliquam
1030 2129 1160 2192 formam
1174 2126 1319 2191 substan·

215 2238 318 2302 tialem
335 2238 374 2301 ad
389 2237 583 2322 explicandas
597 2238 782 2301 mutationes
793 2238 1014 2323 proprietatum
1025 2239 1059 2301 in
1069 2238 1265 2322 corporibus:
1285 2245 1318 2303 et

214 2358 442 2434 consequenter,
467 2349 541 2413 dum
556 2349 616 2433 ipsi
639 2371 675 2413 ex
691 2350 917 2433 potentialitate
932 2350 1067 2414 materiae
1088 2350 1261 2414 transibant
1276 2349 1315 2413 ad

215 2460 418 2525 substantiam
439 2460 569 2544 primam
588 2460 628 2542 (v.
650 2482 697 2543 gr.
713 2482 824 2545 aquam
843 2460 892 2526 vel
912 2461 1027 2545 ignem,
1042 2483 1111 2546 quae
1127 2460 1316 2545 putabantur

213 2572 252 2635 ab
266 2573 341 2656 ipsis
355 2571 534 2637 substantiae
548 2572 678 2655 primae),
693 2593 750 2635 nos
765 2579 873 2636 contra
886 2595 923 2636 ex
937 2574 1063 2636 materia
1076 2574 1138 2635 iam
1151 2572 1317 2636 smuamin

214 2707 271 2748 sno
285 2684 386 2769 primo
401 2705 465 2747 esse
479 2682 661 2747 substantiae
674 2683 842 2747 transimus
855 2683 895 2746 ad
910 2683 1078 2748 secundum
1093 2682 1315 2762 esseeiusdem,

214 2795 297 2881 quod
312 2804 358 2860 est
372 2795 453 2860 idem
469 2817 504 2859 ac
519 2794 648 2859 bannire
663 2816 680 2858 s
695 2794 884 2879 simplicibus
900 2796 940 2860 ad
954 2796 1157 2881 compositum
1171 2818 1209 2859 ex
1229 2796 1315 2880 ipsis.

215 2907 329 2986 Quare,
343 2907 418 2971 dum
433 2907 491 2991 ipsi
501 2906 679 2991 indigebant
688 2907 1030 2992 formadanteprimum
1040 2931 1106 2973 esse
1116 2907 1316 2971 substantiale

213 3019 341 3104 corpori,
356 3042 385 3084 v.
401 3042 447 3103 gr.
464 3041 563 3103 aquae,
579 3040 635 3082 nos
650 3041 714 3083 non
729 3018 903 3103 indigemus
917 3020 977 3083 nisi
990 3021 1089 3084 forma
1103 3020 1195 3085 dante
1206 3041 1316 3084 secun·

213 3132 287 3197 dum
302 3154 368 3195 esse
384 3130 451 3213 (seu
465 3152 530 3195 esse
545 3130 587 3194 sic
602 3131 817 3215 compositum)
841 3131 1020 3195 substautiae
1040 3131 1197 3209 materiali,
1217 3153 1317 3216 quum

212 3244 347 3328 primum
361 3264 426 3307 esse
442 3264 496 3305 seu
510 3242 587 3305 ratio
602 3240 790 3321 substantiae,
807 3264 870 3305 non
886 3250 1038 3327 competat
1053 3243 1172 3327 corpori
1183 3252 1219 3306 ut
1230 3265 1315 3307 com-

212 3356 323 3439 posito,
339 3354 393 3418 sed
406 3354 471 3418 eius
486 3354 644 3418 elementis
653 3362 689 3417 ut
698 3354 961 3438 componentibus.
1006 3356 1116 3419 Forma
1124 3364 1227 3420 autem
1237 3355 1315 3419 dans

212 3465 382 3532 secundum
397 3465 728 3529 esseestaccidentalis.
772 3465 943 3529 Estautem
951 3467 1315 3532 accidentalisclementis

211 3579 286 3663 ipsis
310 3576 422 3663 quibua
449 3577 581 3654 advenit,
608 3598 671 3639 non
698 3584 800 3640 autem
826 3600 922 3663 aquae,
952 3579 999 3642 vel
1028 3579 1115 3644 alteri
1144 3582 1316 3665 composito

211 3690 353 3766 naturali,
370 3689 452 3773 quod
474 3688 672 3752 constituitur
687 3710 742 3773 per
763 3689 859 3768 illam,
874 3699 909 3753 ut
924 3689 1048 3754 evidens
1070 3701 1135 3757 est:
1157 3716 1250 3777 quare
1264 3716 1311 3758 re-

212 3812 319 3886 spectu
347 3801 507 3884 compositi
537 3800 664 3865 dicenda
693 3812 739 3865 est
765 3801 863 3865 forma
891 3802 1039 3867 naturalis
1067 3803 1115 3867 vel
1143 3806 1312 3870 essentialis

211 3923 338 3991 natura,
354 3935 416 3976 non
431 3911 626 3977 accidentalis
634 3936 644 3989 3
667 3922 703 3975 ut
717 3911 900 3996 explicatum
915 3921 962 3977 est
976 3914 1010 3977 in
1024 3923 1156 3980 tractatu
1173 3917 1211 3981 de
1225 3919 1311 4004 prin·

210 4026 296 4110 cipiis
310 4047 412 4089 rerum
427 4024 613 4088 naturalium
628 4046 655 4088 c.
670 4026 702 4089 3.

254 4138 307 4201 86.
331 4134 488 4212 Quaeritur
510 4134 727 4212 decimotertio,
751 4137 827 4200 cade
849 4136 991 4201 mobeato
1004 4138 1137 4203 desumat
1154 4144 1310 4223 unitatem,

210 4251 349 4334 utpocsit
363 4248 494 4311 diciano
508 4248 658 4326 nwlccula,
673 4257 703 4312 ct
717 4271 776 4311 aaa
790 4257 908 4313 natura.

253 4359 443 4445 Respondes,
472 4359 649 4423 moloculsm
676 4359 832 4424 desumere
855 4362 1004 4426 unitatem
1023 4386 1042 4428 a
1063 4368 1248 4434 connexione
1273 4372 1306 4435 in
