3200 4984
304 365 327 426 4
736 385 778 428 uu
795 383 982 429 rainerius
1279 365 1367 449 [cas.
1385 387 1408 428 1.

305 551 502 615 directionem
528 550 653 636 abipso
675 561 802 637 agente:
834 572 931 638 quum
953 553 1019 617 cius
1041 552 1081 616 sit
1103 552 1176 617 dare
1199 552 1406 632 directionem,

304 663 392 727 cuius
418 671 465 727 est
490 663 561 728 dare
585 672 715 729 motum.
774 664 911 730 Directio
936 687 1006 730 vero
1037 665 1258 730 determinatur
1287 664 1408 730 duobus

304 774 437 860 punctis,
464 783 500 839 ut
525 784 663 841 constat:
694 798 826 862 quorum
856 800 953 841 unum
980 785 1027 841 ast
1053 777 1085 841 in
1112 785 1239 856 motare,
1266 776 1350 841 alind
1375 777 1408 840 in

304 894 399 952 moto.
444 887 599 951 Punctum
618 897 722 952 autem
743 888 827 973 quod
841 897 887 953 est
901 889 934 953 in
950 896 1066 953 motore
1080 897 1127 953 est
1142 898 1283 955 centrum
1297 912 1334 953 ex
1347 911 1409 974 quo

305 997 449 1081 dirigitur
464 998 563 1077 acti03
587 1007 708 1063 constat
723 1000 805 1063 enim
818 1000 1021 1065 substantiam
1033 1001 1220 1065 materialem
1235 1001 1409 1086 imprimere

304 1116 423 1172 motum
443 1109 523 1174 circa
543 1132 575 1173 se
594 1109 752 1195 aequaliter
770 1111 805 1174 in
825 1132 948 1176 omnem
966 1134 1100 1190 sensum,
1121 1121 1152 1175 et
1172 1111 1238 1176 eius
1256 1111 1407 1176 actionem

303 1242 371 1284 esse
380 1220 510 1284 similem
523 1219 617 1286 radiis
628 1220 826 1285 manantibus
840 1244 877 1285 ex
890 1221 1024 1306 quodam
1035 1230 1152 1306 puncto
1163 1230 1195 1286 et
1208 1223 1242 1285 in
1257 1221 1407 1306 sphaeram

303 1355 335 1396 se
346 1333 597 1418 propagantibus.
628 1333 824 1418 Quapropter
833 1332 912 1397 illud
923 1341 1075 1418 punctum
1088 1340 1135 1397 est
1146 1341 1285 1398 centrum
1296 1356 1333 1397 ex
1344 1355 1406 1418 quo

302 1454 408 1510 manat
434 1445 513 1509 actio
538 1445 652 1510 motiva
676 1445 710 1509 in
736 1444 897 1529 sphaeram,
924 1451 955 1509 et
974 1442 1043 1508 ideo
1065 1443 1250 1529 principium
1272 1444 1405 1510 activum

303 1555 482 1620 substantiae
498 1555 663 1620 materialis
676 1555 795 1639 indiget
810 1564 925 1634 centro,
936 1577 974 1619 ex
988 1577 1049 1640 quo
1063 1564 1145 1639 agat.

348 1667 417 1733 Hoc
431 1668 541 1753 posito,
557 1667 643 1732 dico:
667 1667 853 1752 principium
871 1666 1025 1750 passivum
1045 1666 1222 1730 substantiae
1239 1667 1404 1733 materialis

300 1779 378 1842 nihil
396 1779 479 1843 aliud
498 1787 544 1842 est
562 1801 654 1864 quem
670 1779 754 1843 istud
772 1787 923 1845 centrum.
967 1777 1051 1862 Ergo
1068 1778 1253 1863 principium
1271 1779 1402 1844 activum

300 1891 419 1974 indiget
444 1890 594 1975 principio
620 1890 740 1974 passivo
769 1898 805 1953 ut
833 1889 930 1975 possit
960 1911 1058 1973 agere.
1114 1887 1156 1952 llt
1185 1888 1404 1974 subsumptam

299 2002 387 2065 facile
407 2002 563 2087 probatur.
609 2002 691 2066 Nam
714 2005 756 2065 1⁰.
782 2001 888 2065 Solum
911 2009 1049 2066 centrum
1069 1999 1148 2063 illud
1164 2023 1201 2064 ex
1218 2022 1280 2085 quo
1297 2009 1403 2066 manat

300 2113 379 2178 actio
394 2121 442 2177 est
456 2114 582 2198 incapax
597 2113 763 2198 recipiendi
778 2122 897 2176 motum
912 2113 949 2177 ab
965 2134 1001 2176 eo
1021 2112 1172 2197 principio
1190 2112 1297 2192 activo,
1314 2113 1402 2178 cuius
1460 2099 1467 2104 ”

300 2235 361 2289 est·
377 2233 534 2290 centrum:
565 2226 647 2310 quod
679 2233 764 2310 patet
792 2232 861 2289 tum
891 2223 963 2308 quia
991 2223 1124 2287 actiones
1152 2222 1232 2287 circa
1260 2231 1402 2288 centrum

299 2337 517 2402 diffunduntur
528 2337 568 2401 ad
578 2345 663 2400 extra
675 2344 808 2415 tantum,
820 2327 888 2400 tum
900 2335 972 2420 quia
985 2334 1087 2419 posito
1100 2334 1192 2398 unico
1206 2334 1271 2399 solo
1285 2344 1402 2420 puncto

297 2449 405 2535 nequit
419 2449 525 2513 haberi
543 2447 678 2512 directio.
723 2446 807 2531 Ergo
827 2455 967 2511 centrum
988 2446 1065 2510 illud
1082 2455 1129 2511 est
1149 2446 1182 2510 iu
1200 2469 1233 2510 se
1249 2447 1341 2527 iners,
1356 2448 1401 2512 ita

297 2569 333 2624 ut
348 2569 480 2645 nequeat
491 2559 605 2624 moveri
616 2558 730 2623 virtute
741 2557 883 2642 principii
895 2557 984 2622 activi
996 2557 1055 2621 sibi
1067 2558 1157 2621 uniti.
1187 2558 1271 2642 Ergo
1282 2559 1400 2624 ratione

297 2671 390 2735 huius
415 2673 514 2735 centri
540 2671 686 2754 competit
711 2669 823 2733 inertia
847 2668 991 2732 materiae.
1038 2667 1154 2733 Inertia
1174 2691 1244 2732 vero
1266 2692 1328 2733 non
1352 2678 1399 2734 est

297 2781 422 2867 aliquod
441 2782 573 2846 activum
582 2808 592 2859 3
616 2803 688 2866 ergo
708 2781 826 2844 ratione
845 2780 938 2844 huius
957 2779 1054 2844 centri
1072 2780 1218 2864 competit
1239 2781 1399 2865 passivitas

297 2894 476 2959 substantiae
493 2893 654 2958 materiali.
697 2893 781 2976 Ergo
801 2892 860 2955 hoc
878 2898 1017 2956 centrum
1035 2891 1278 2977 estprincipium
1294 2892 1398 2977 ipsum

297 3004 462 3089 passivum.
506 3007 550 3069 2⁰.
575 3004 705 3070 Constat
721 3003 925 3068 substantiam
937 3003 1124 3068 materialem
1135 3004 1267 3088 recipere
1278 3013 1399 3070 motum

295 3117 329 3182 in
344 3117 412 3201 ipso
427 3125 542 3195 centro,
554 3116 636 3181 unde
652 3124 756 3179 manat
768 3115 834 3180 eius
845 3115 925 3179 actio
935 3115 969 3179 in
980 3114 1049 3178 alia.
1093 3114 1176 3199 Ilrgo
1186 3115 1244 3179 hoc
1259 3125 1399 3200 centrum

296 3236 343 3292 est
365 3227 503 3312 potentia
522 3227 673 3314 receptiva
695 3235 808 3304 motus,
825 3248 880 3289 seu
900 3224 1086 3310 principium
1108 3225 1262 3309 passivum
1284 3235 1397 3291 motus.

298 3339 385 3404 Sicut
403 3362 475 3423 ergo
493 3339 678 3424 principium
704 3339 837 3403 activum
860 3336 1015 3412 materiale
1037 3337 1145 3422 nequit
1167 3337 1285 3421 concipi
1308 3337 1341 3401 in
1365 3361 1397 3402 se

297 3451 482 3536 completum
502 3451 567 3516 sine
585 3458 700 3528 centro,
716 3449 759 3513 ita
776 3448 904 3512 omuino
922 3446 1166 3512 concludendum
1181 3455 1227 3513 est
1241 3448 1319 3512 illud
1334 3472 1397 3514 non

296 3582 385 3646 posse
400 3563 527 3625 existere
542 3568 715 3644 separatum
730 3581 749 3622 a
762 3558 914 3643 principio
928 3557 1058 3644 passivo.
1369 3647 1372 3650 Δ

340 3673 371 3734 8.
396 3670 551 3747 Quaeritur
565 3669 709 3748 secundo,
724 3692 762 3733 aa
773 3670 955 3752 principium
968 3670 1120 3752 passivum
1133 3672 1175 3734 sit
1191 3671 1223 3732 io
1240 3679 1339 3736 cerum
1353 3673 1400 3736 cel

290 3791 404 3867 puncto
418 3783 622 3847 motbcraatico
637 3780 818 3844 indivisibili.

341 3893 523 3978 Respondeo
541 3891 727 3969 affirmative,
742 3889 882 3954 videlicet
899 3910 955 3973 pro
973 3888 1104 3972 singulis
1118 3889 1277 3974 principiis
1291 3891 1397 3958 activis

295 4005 401 4071 haberi
421 4003 543 4087 singula
560 3988 664 4067 centra
679 3999 885 4065 indivisibilia.
930 4000 1012 4063 Nam
1031 4021 1117 4063 secus
1131 4008 1211 4064 esset
1226 4008 1395 4082 extensum,

295 4127 326 4182 et
337 4117 463 4180 haberet
471 4123 575 4199 partes
583 4112 667 4178 extra
678 4120 789 4202 partes.
819 4110 916 4197 Atqui
927 4111 1034 4195 nequit
1042 4094 1228 4194 principium
1239 4112 1396 4195 passivum

295 4227 406 4292 habere
417 4234 518 4311 partes
533 4234 615 4289 extra
629 4232 741 4308 partes..
770 4222 863 4306 Ilrgo.
894 4221 1001 4295 Minor
1015 4220 1139 4284 evidens
1154 4229 1219 4299 est3
1239 4221 1394 4308 siquidem

295 4338 377 4424 quod
399 4337 492 4403 habet
515 4344 615 4420 partes
638 4333 899 4398 habetterminos
922 4330 1092 4409 distinctos,
1107 4340 1138 4395 et
1153 4332 1357 4417 principiatur
1377 4359 1395 4402 a
