3200 4984
235 366 309 410 ear.
326 349 397 433 nn]
592 370 642 414 -nn
658 372 777 416 rursus
794 373 985 417 courrnnrs.
1276 356 1341 419 309

239 535 417 615 uniformis,
436 558 490 600 seu
513 536 664 617 velocitas,
688 562 717 616 u,
742 546 864 622 tempus
890 538 937 602 vel
963 538 1082 602 duratio
1111 547 1213 603 motus
1239 550 1262 616 t,
1286 537 1340 601 ha-

238 646 368 711 beatur*

738 796 832 899 ἧκέ.

281 972 349 1037 Hoc
364 973 407 1036 ita
422 996 486 1037 esse
501 970 587 1037 facile
608 973 808 1058 intelligetur,
827 973 964 1037 notando
983 974 1076 1058 qnod,
1097 973 1172 1038 dum
1189 997 1205 1038 a
1224 996 1336 1062 reprae-

232 1094 335 1155 sentet
364 1085 571 1148 extensionem
600 1094 713 1163 motus,
736 1107 805 1169 quae
826 1093 872 1148 est
895 1106 1012 1168 semper
1033 1084 1166 1165 infieri,
1190 1086 1337 1170 quamdiu

235 1203 338 1259 motus
353 1194 452 1274 durat,
468 1217 488 1257 a
502 1204 698 1281 repraesentat
718 1205 820 1260 actum
835 1196 1020 1260 intensivum
1028 1223 1039 1276 3
1061 1219 1099 1261 ex
1112 1219 1173 1282 quo
1188 1198 1336 1284 sequitur,

234 1306 365 1370 valorem
380 1307 476 1391 ipsius
491 1328 513 1368 ιι
526 1330 591 1371 esse
611 1307 727 1391 aliquid
747 1307 840 1371 fixum
859 1330 916 1392 pro
929 1308 1146 1388 eodem'motu,
1163 1308 1237 1374 dum
1252 1309 1337 1375 valor

233 1440 291 1483 ase
307 1441 425 1502 semper
440 1418 575 1495 extendit
590 1420 687 1503 magis
701 1428 733 1483 et
747 1419 856 1503 magis,
870 1418 1018 1503 quamdiu
1031 1428 1134 1485 motus
1148 1420 1247 1501 durat,
1263 1421 1336 1506 quia

235 1540 336 1593 motus
351 1541 397 1594 est
411 1532 583 1595 extensivus
597 1541 627 1594 et
642 1532 675 1593 in
690 1530 755 1593 fieri
772 1532 816 1614 (u.
833 1532 907 1613 72):
929 1542 961 1595 et
975 1546 1195 1615 consequenter
1209 1532 1242 1595 in
1256 1555 1334 1614 prar-

234 1642 313 1706 dicta
332 1642 502 1727 aequatione
520 1665 540 1704 u
559 1642 664 1707 haberi
685 1641 774 1706 debet
794 1650 830 1706 ut
849 1643 1004 1726 quantitas
1023 1653 1166 1708 constans
1185 1651 1216 1707 et
1236 1643 1334 1723 fixae

220 1775 302 1818 nero
321 1763 357 1819 ut
372 1754 540 1833 variabilis3
563 1762 594 1819 et
615 1753 809 1819 tvariabitur
833 1754 866 1817 in
891 1753 996 1819 eadem
1021 1755 1139 1819 ratione
1164 1755 1333 1840 scipsas.

235 1865 337 1943 Quum
352 1888 452 1950 ergon
464 1875 576 1930 crescat
591 1866 624 1929 in
639 1864 744 1929 eadem
758 1864 875 1929 ratione
886 1887 921 1929 ac
936 1865 1055 1930 duratio
1069 1876 1182 1946 motus,
1197 1878 1333 1953 apparet,

233 1987 473 2062 trepraesentare
488 1978 679 2042 durationem
695 1987 807 2041 motus.
1250 2052 1253 2057 Ι

276 2092 378 2175 Atque
392 2090 442 2155 hic
457 2091 569 2153 itemm
582 2089 769 2167 notandum,
785 2089 879 2174 quod,
894 2110 964 2153 cnm
979 2099 1083 2153 motus
1098 2090 1138 2153 sit
1153 2099 1238 2155 actus
1253 2091 1332 2155 eutis

228 2202 265 2274 iu
280 2203 426 2287 potentia,
447 2211 533 2266 tanto
548 2210 594 2265 est
608 2200 756 2273 intensior
772 2222 826 2264 seu
840 2200 978 2279 velocior,
999 2211 1114 2285 quanto
1134 2202 1232 2285 magis
1247 2212 1332 2267 actu·

229 2326 301 2385 ¹atm
327 2315 463 2398 potentia
485 2313 616 2387 mobilis,
643 2336 710 2397 quse
730 2320 775 2376 est
795 2313 933 2396 potentia
952 2312 990 2376 ad
1008 2312 1166 2377 fluendum
1181 2312 1219 2377 de
1234 2315 1284 2377 ubi
1299 2314 1330 2378 in

233 2428 291 2504 ati,
315 2449 368 2490 seu
391 2426 627 2511 quantomagis
656 2424 800 2503 extendit,
830 2425 945 2509 amteris
974 2424 1108 2509 paribus,
1130 2424 1242 2489 lineam
1264 2448 1332 2510 per-

232 2560 351 2619 cursam
366 2561 384 2603 a
399 2538 514 2602 mobili.
543 2535 646 2612 Quare
660 2536 801 2626 velocitas
811 2557 832 2597 ιι
843 2537 1012 2601 mensurari
1026 2536 1116 2601 debet
1131 2560 1185 2622 per
1198 2538 1331 2623 aliquam

1170 2672 1187 2713 8

232 2700 446 2777 extensionem,
477 2699 555 2763 sicut
581 2708 612 2761 ct
636 2720 668 2763 s:
693 2706 723 2761 et
749 2702 968 2783 consequenter
997 2697 1147 2782 expressio
1169 2736 1191 2810 ἦ
1213 2709 1332 2765 constat

231 2862 368 2925 terminis
397 2842 610 2924 mathematice
638 2858 846 2943 homogeneis.
889 2859 936 2923 llx
961 2882 1023 2943 quo
1048 2860 1177 2925 ulterius
1201 2862 1332 2927 infertur

230 2973 361 3037 valorem
376 2981 390 3037 t
404 2994 469 3037 esse
484 2994 645 3057 numerum
662 2970 848 3035 abstractum
861 2970 1047 3035 iudicantem
1062 2948 1181 3058 quoties
1195 2976 1331 3039 extensio

232 3084 390 3167 designata
405 3106 459 3167 per
472 3104 492 3145 u
512 3082 704 3147 contineatur
719 3082 755 3145 in¹
765 3082 939 3147 extensione
953 3105 985 3148 a:
1008 3090 1131 3168 tempus
1149 3095 1251 3151 antem
1266 3110 1332 3151 esee

162 3278 165 3281 Ι
230 3220 378 3292 numerum
407 3205 510 3275 motus,
541 3196 574 3259 in
603 3204 754 3279 quantum
782 3194 898 3259 indicat
926 3196 1046 3279 quoties
1074 3196 1199 3282 quidam
1228 3208 1331 3265 motus

226 3417 231 3425 ·
265 3392 281 3427 *
299 3390 345 3444 Ad
356 3388 565 3443 mensurandum
576 3392 683 3460 tempus
699 3387 847 3442 necessario
859 3386 958 3442 recurri
969 3386 1051 3443 debet
1062 3388 1097 3442 cd
1107 3394 1213 3442 motum
1225 3390 1329 3443 unifor-

228 3495 308 3545 mem,
326 3476 382 3549 qui,
402 3476 468 3530 licet
488 3493 542 3529 non
560 3474 660 3529 existat
676 3474 706 3527 in
726 3491 817 3527 rerum
827 3479 924 3529 nutrire
938 3475 1058 3545 riporoae,
1071 3474 1124 3529 nisi
1141 3492 1190 3547 pro
1206 3475 1326 3529 infinite·

228 3564 296 3619 simo
315 3562 452 3636 temporis,
474 3566 506 3616 ut
523 3560 623 3617 dicurri
641 3577 734 3615 sumus
754 3578 781 3613 n.
799 3560 844 3629 81,
862 3560 957 3614 existit
973 3565 1065 3615 tamen
1082 3562 1172 3615 adhuc
1182 3561 1326 3616 sufficienti

227 3651 307 3706 modo
326 3651 361 3705 cd
379 3648 590 3705 mensurandum
608 3654 715 3721 tempus
735 3648 866 3719 mnerale
903 3646 983 3715 Nam,
1005 3647 1138 3719 quamvis,
1159 3648 1225 3701 dum
1242 3664 1268 3702 v.
1286 3666 1324 3719 gr.

226 3742 297 3793 terra
312 3738 419 3811 perficit
437 3754 514 3791 suam
533 3735 730 3792 revolutionem
747 3735 879 3803 diurnam,
892 3734 998 3805 singula
1009 3734 1142 3787 elementa
1153 3734 1251 3806 quibus
1261 3752 1326 3789 con-

226 3831 281 3881 stet
292 3826 422 3899 plurimos
434 3824 501 3878 alios
511 3828 602 3877 motus
612 3822 758 3895 patiantur,
771 3821 869 3893 quibus
886 3821 921 3875 ad
937 3820 1054 3874 invicem
1068 3826 1219 3890 moventem,
1232 3826 1261 3875 et
1271 3822 1325 3875 im·

225 3914 372 3986 pediuntur
389 3930 405 3966 a
420 3928 562 3985 progressu
582 3909 704 3964 absolute
726 3907 854 3961 uniformi
874 3924 969 3961 versus
987 3906 1126 3976 orientem,
1150 3908 1214 3979 quia
1233 3913 1325 3963 tamen

225 4004 315 4054 motus
326 3998 374 4052 isti
384 4002 448 4051 sunt
457 3996 564 4051 minimi
576 3999 605 4050 et
616 3994 765 4050 invisibiles
779 3994 841 4065 (nos
851 3997 943 4045 sutem
954 4010 1010 4045 non
1020 4010 1205 4047 mensuramus
1217 3999 1325 4077 tempus

223 4102 271 4157 per
282 4082 443 4155 invisibilia)
456 4088 484 4139 et
496 4083 567 4156 quie,
583 4082 640 4137 illis
656 4079 901 4147 nonobstantibus,
914 4096 1067 4151 progressus
1077 4081 1228 4135 communis
1239 4083 1325 4137 sensi·

224 4170 287 4226 bilis
299 4171 372 4225 idem
383 4175 476 4225 manet
487 4187 518 4224 ac
530 4170 554 4223 si
568 4174 659 4223 motus
676 4168 719 4221 illi
736 4184 791 4220 non
809 4166 963 4232 existerent,
981 4166 1179 4221 revolutionem
1195 4174 1274 4223 terrae
1292 4176 1325 4225 nt

223 4258 386 4313 uniformem
397 4256 544 4312 necessario
563 4253 800 4328 apprehendimus:
820 4259 849 4307 et
859 4253 912 4307 hoe
923 4252 1022 4306 sufficit
1033 4253 1068 4307 ad
1083 4270 1236 4309 mensuram
1252 4261 1323 4310 tem-

223 4344 303 4416 poris,
315 4344 379 4415 quia
390 4350 497 4415 tempus
509 4348 551 4397 est
560 4341 663 4413 aliquid
674 4340 851 4408 sensibilium,
864 4344 987 4411 utsupra
997 4340 1152 4394 notavimus
1162 4359 1236 4395 unm
1249 4342 1292 4396 42.
