3200 4984
288 363 330 426 52
692 385 695 390 ·
710 375 750 425 os
769 381 954 425 raincarns
1236 361 1319 444 [ese.
1333 379 1393 422 rii.

287 550 423 614 localem.
468 550 552 632 Ergo
566 549 611 613 vis
626 547 678 613 illa
692 549 811 612 occulta
826 549 927 613 adhuc
942 569 1004 611 non
1020 532 1122 633 posset
1136 539 1249 633 ponere
1264 542 1396 630 aliquem

288 662 431 726 effectum
455 662 487 724 in
512 660 637 724 materia
663 661 822 739 existente,
847 661 907 723 nisi
933 670 1054 724 motum
1079 659 1213 723 localem.
1259 659 1338 722 Dico
1364 660 1396 720 iu

288 773 415 837 materia
430 775 591 849 eciatenle3
615 772 686 855 quia
708 771 787 835 aetio
801 771 926 857 physica
941 794 1003 836 uon
1020 781 1120 855 potest
1134 772 1274 849 exerceri,
1290 771 1349 834 nisi
1365 771 1398 832 iu

289 884 426 948 subiecto
440 883 587 947 existente
602 881 736 967 physice,
753 905 816 945 non
831 891 935 946 autem
951 882 982 944 in
999 881 1135 946 subiecto
1150 880 1291 966 quolibet
1303 889 1398 943 meta·

289 995 426 1082 physice,
441 993 531 1079 quale
546 1002 593 1057 est
608 993 734 1056 materia
749 993 858 1076 prima.

333 1106 381 1168 De
403 1103 517 1169 caeteris
539 1103 771 1168 difficultatibus
798 1102 876 1166 nihil
899 1102 966 1167 dico
984 1126 1077 1166 nunc.
1123 1104 1206 1166 Nam
1229 1103 1331 1188 paullo
1350 1102 1398 1165 in-

290 1216 384 1280 ferius
406 1214 543 1300 duplices
566 1208 683 1278 sensus
696 1214 867 1298 aliquorum
889 1214 1399 1299 axiomatun1,quibusargumen-

289 1327 366 1391 tatio
391 1327 631 1392 adversariorum
659 1325 812 1404 innititur,
835 1326 986 1411 aperiam:
1013 1338 1044 1389 et
1067 1350 1130 1390 non
1156 1327 1297 1412 pluribus
1322 1349 1400 1412 opus

290 1437 358 1516 erit,
375 1446 410 1501 ut
426 1435 619 1502 difficultates
635 1445 825 1500 evanescant.

333 1553 387 1618 49.
411 1549 556 1633 Superest
568 1570 661 1627 nunc,
677 1557 712 1610 ut
728 1547 844 1633 aliquid
858 1547 1007 1612 addamus
1019 1544 1263 1633 degeneratione
1278 1559 1397 1633 vegeta-

290 1661 411 1739 bilium,
428 1658 605 1724 animalium
629 1667 658 1722 et
679 1659 852 1737 hominum,
868 1668 960 1744 prout
981 1659 1132 1744 dependet
1147 1685 1165 1724 a
1179 1661 1400 1746 quaestionibus

291 1771 329 1835 de
352 1772 450 1835 forma
476 1769 671 1834 substantiali
695 1778 725 1832 et
750 1770 893 1834 naturali.
946 1771 1068 1834 Doceat
1091 1773 1173 1835 enim
1199 1773 1400 1857 peripatetici,

292 1892 354 1946 tarn
380 1882 568 1965 vegetabilia,
595 1905 688 1966 quam
711 1880 802 1944 bruta
826 1891 856 1945 et
880 1882 1020 1945 homines
1043 1883 1154 1948 habere
1176 1884 1310 1968 primum
1335 1907 1401 1948 esse

292 1985 469 2078 simpliciter
488 1992 526 2057 ab
541 2015 576 2056 ea
600 1993 706 2071 forma,
728 2015 784 2076 per
807 2016 899 2077 quam
922 1994 1153 2059 constituuntur
1174 1997 1207 2059 in
1227 1996 1326 2080 gradu
1345 2018 1401 2061 suo

293 2097 432 2188 vegetali,
455 2102 590 2180 animali,
618 2102 777 2168 rationali:
809 2126 847 2166 ex
872 2103 930 2167 alia
957 2127 1027 2168 vero
1049 2115 1137 2190 parte
1162 2107 1239 2170 illud
1267 2107 1401 2192 primurn

292 2237 358 2278 esse
370 2214 416 2278 vel
432 2214 513 2278 sirmi
524 2223 624 2298 potest
635 2236 692 2297 pro
702 2214 802 2298 primo
815 2237 880 2277 esse
891 2215 1089 2294 adstantiali,
1102 2215 1150 2280 vel
1161 2239 1216 2300 pro
1228 2218 1327 2301 primo
1338 2240 1404 2281 esse

292 2326 441 2390 naturali:
458 2325 646 2409 peripatetici
659 2347 727 2388 vero
744 2333 913 2409 utrumque
923 2315 1067 2388 ridentur
1081 2327 1207 2390 omnino
1221 2327 1410 2412 intelligere,

294 2461 391 2524 quurn
406 2439 535 2501 formam
551 2434 782 2499 substantialem
800 2458 818 2498 a
832 2435 965 2499 naturali
979 2458 1041 2500 non
1058 2437 1261 2522 distinguant.

340 2549 383 2613 Ut
403 2572 473 2613 vero
495 2549 536 2612 ab'
556 2549 680 2611 homine
703 2547 896 2632 incipiamus,
921 2547 999 2628 dico,
1022 2549 1156 2632 primum
1178 2573 1245 2613 esse
1265 2550 1404 2614 naturale

293 2661 427 2724 hominis
443 2659 597 2724 evidenter
619 2659 725 2722 haberi
748 2658 790 2722 ab
808 2659 910 2722 anima
931 2660 1071 2723 rationali
1092 2671 1249 2746 tamquam
1269 2685 1287 2725 a
1305 2661 1404 2724 forma

296 2771 436 2849 naturali,
459 2794 529 2855 qua·
543 2771 650 2855 posita,
674 2769 806 2864 habetur
828 2781 938 2859 natpra
962 2771 1105 2851 hominia,
1129 2796 1189 2858 qua
1210 2795 1274 2836 non
1294 2773 1404 2857 posita,

295 2871 358 2945 non
373 2881 514 2946 habetur.
559 2881 679 2966 Corpus
694 2881 770 2944 v'ero
780 2867 960 2964 di·‘ganicum
978 2883 1010 2945 iu
1026 2885 1165 2968 poten-tia
1179 2885 1274 2949 vitam
1289 2883 1405 2948 habens

295 2994 388 3058 habet
403 2995 552 3058 rationem
567 2979 701 3057 materiae
717 2993 927 3058 informabilis.
954 2996 1107 3061 “Evidens
1128 3007 1230 3061 autem
1250 3006 1305 3076 est,
1322 2997 1406 3082 quod

292 3128 405 3190 corpus
420 3106 609 3188 organicum,
624 3105 656 3169 iu
678 3106 771 3190 priori
792 3106 831 3169 ad
846 3106 1093 3171 informationem
1113 3109 1223 3172 animae
1241 3109 1406 3186 rationalis,

294 3241 360 3282 non
375 3227 421 3281 est
436 3218 528 3281 homo
536 3241 546 3294 3
562 3226 593 3280 et
607 3217 677 3282 ideo
686 3219 818 3302 primum
833 3241 895 3282 esse
909 3220 1033 3283 dominis
1047 3229 1094 3283 est
1109 3244 1163 3304 per
1178 3230 1281 3285 actum
1294 3221 1405 3284 animae

296 3329 500 3394 informantis.
546 3329 629 3413 Ergo
651 3330 752 3392 anima
767 3339 814 3392 est
830 3330 929 3393 forma
949 3330 1025 3394 dens
1045 3331 1180 3415 primum
1196 3355 1261 3395 esse
1275 3331 1404 3409 homini,

296 3442 342 3505 vel
359 3440 435 3505 dans
449 3443 585 3524 primurn
600 3461 665 3502 esse
680 3441 818 3504 naturale
833 3449 864 3504 et
880 3441 1052 3525 specificum
1068 3443 1186 3526 corpori
1201 3443 1346 3507 humano.

342 3553 404 3618 Sed
416 3553 480 3616 nou
495 3551 563 3616 ideo
583 3551 746 3616 dicendum
768 3563 814 3615 est
834 3576 903 3616 cum
922 3554 954 3617 S.
970 3554 1111 3618 Thomu*
1126 3565 1157 3618 et
1172 3554 1313 3639 pluribus
1328 3542 1405 3633 aliis,

335 3691 347 3716 *
368 3686 447 3739 Licet
459 3675 573 3754 quaestio
585 3685 645 3738 liaee
657 3683 763 3756 proprie
775 3683 911 3756 pertineat
923 3685 958 3739 ad
972 3691 1118 3740 tractatum
1130 3688 1161 3740 de
1172 3689 1288 3741 humana
1301 3693 1405 3753 amara,

298 3773 417 3830 iudicavi
428 3769 614 3840 nihilominus,
630 3770 676 3825 hic
691 3788 751 3824 eam
767 3773 877 3827 tractari
893 3790 971 3844 posse
988 3773 1203 3844 convenientius,
1217 3774 1282 3846 quia
1293 3773 1406 3844 attingit

298 3863 386 3917 mrdta
396 3860 458 3925 alia,
476 3860 574 3914 saltem
589 3857 727 3912 indirecte.
766 3857 870 3929 Sequor
887 3865 979 3912 autem
995 3860 1159 3914 sententiam
1172 3861 1256 3930 Scoti,
1274 3862 1309 3915 ad
1324 3877 1406 3932 quam

299 3950 397 4018 omnia,
411 3964 471 4020 quae
489 3946 628 4016 hueusque
646 3945 854 4016 disputavimus,
868 3945 942 4000 viam
957 3947 1069 4017 faciunt,
1083 3954 1111 4001 et
1126 3950 1276 4003 necessario
1294 3948 1405 4002 ducunt.

299 4038 511 4090 Fundamentum
525 4032 602 4099 Secti,
618 4031 709 4102 inquit
728 4030 826 4084 Suarez
859 4032 993 4104 (Met-aph.
1014 4033 1081 4105 disp.
1100 4052 1145 4088 xv.
1164 4041 1227 4089 sect.
1242 4053 1272 4103 lx.
1285 4035 1324 4104 8),
1350 4034 1375 4087 ei
1391 4052 1408 4085 a

294 4123 384 4194 priori
394 4121 540 4191 explicetur,
546 4117 632 4190 fursee
645 4119 752 4184 videtur,
767 4118 828 4188 quia
841 4119 931 4171 aalma
946 4122 984 4172 eat
993 4120 1089 4191 forma
1100 4122 1281 4174 transcedens
1292 4138 1408 4173 commu-

299 4229 358 4264 nem
377 4209 490 4278 pradum
511 4203 632 4274 empore,
650 4209 676 4257 et
693 4204 802 4274 requirit
821 4204 850 4257 in
871 4205 982 4258 matma'a
1002 4207 1192 4276 dispositiones
1213 4213 1237 4260 et
1257 4207 1409 4261 amaeam

303 4296 443 4367 quomdam
462 4309 627 4362 craecorum,
641 4309 719 4362 quana
737 4291 903 4363 alioeformoe
923 4310 975 4344 non
994 4294 1136 4363 requirunt.
1174 4295 1248 4364 Erpa
1271 4293 1361 4372 amma
1380 4299 1410 4346 ut

300 4384 336 4436 sic
349 4399 403 4434 non
421 4381 467 4432 aar
486 4396 537 4432 esse
555 4377 665 4449 corpori.
677 4379 722 4430 sed
735 4379 914 4448 proeeuppcnit
931 4379 996 4432 illud
1007 4399 1057 4449 per
1069 4380 1150 4433 aliam
1166 4381 1296 4452 formam,
1310 4380 1412 4433 ratione
