3200 4984
291 388 354 454 122
612 410 655 453 ns
671 408 872 454 saracenam
889 406 1075 453 corconna·
1269 384 1356 471 [aar.
1370 408 1394 452 1.

290 572 384 639 habet
398 572 590 659 superficiem
604 583 730 639 centnm
750 573 896 659 pollicum
912 572 1141 659 quadratorum,
1157 570 1281 658 recipiet
1296 595 1314 637 a
1328 594 1393 637 rna-

288 684 366 749 teria
394 706 427 749 se
455 692 613 771 tangente,
639 706 709 771 qnae
737 694 786 750 est
813 684 929 751 centies
955 686 1060 765 maior,
1085 684 1392 749 communicationem

288 795 403 862 centies
417 796 581 876 maiorem3
604 817 702 882 quum
719 805 880 863 contactus
900 798 941 861 sit
961 796 1196 882 proportionalis
1213 796 1393 882 superficiei.

290 908 359 972 Hoc
373 916 476 972 antem
492 915 593 973 toturn
607 916 655 971 est
669 916 776 973 contra
790 906 875 993 leges
888 908 1041 994 physicas,
1053 908 1146 973 etiam
1161 906 1392 993 praescindendo
1487 976 1492 988 ,

288 1018 492 1083 aresistentia
506 1018 596 1083 adria.

331 1132 385 1194 40.
410 1127 472 1193 Sed
490 1150 531 1193 ne
550 1128 639 1215 plura
659 1150 870 1195 coacervemus
891 1130 957 1194 sine
978 1152 1079 1209 musa,
1094 1153 1190 1215 quum
1206 1128 1336 1194 obiectio
1350 1130 1391 1194 sit

287 1239 378 1325 plene
402 1239 515 1320 solnta,
541 1248 734 1306 transeamus
759 1241 822 1305 iam
852 1239 892 1305 ad
920 1240 1043 1306 brevem
1074 1242 1118 1306 rei
1147 1241 1390 1327 explicationem.

288 1351 399 1436 Itaque
413 1351 492 1416 actio
507 1350 673 1417 materialis
687 1351 856 1436 procedens
871 1375 889 1416 a
903 1352 932 1415 vi
948 1374 980 1416 se
999 1352 1190 1437 expandente
1205 1375 1222 1416 a
1237 1360 1342 1417 centro
1357 1353 1391 1416 in

289 1452 449 1537 spheram,
463 1451 556 1516 habet
578 1452 787 1516 intersitatem
808 1451 954 1516 continue
970 1451 1193 1517 decrescentem
1215 1451 1248 1515 in
1272 1452 1391 1517 inversa

287 1561 406 1628 ratione
419 1562 569 1649 quadrata
583 1563 810 1643 distantiarum,
826 1562 909 1648 quod
923 1562 1122 1627 ostendemus
1136 1585 1202 1648 cap.
1218 1586 1282 1647 seq.
1331 1562 1391 1628 Po·

286 1671 355 1738 sitis
368 1673 465 1759 igitur
478 1672 600 1739 duobus
609 1674 734 1759 punctis
745 1673 954 1739 materialibus
965 1673 1006 1739 ad
1017 1674 1186 1759 quamlibet
1201 1674 1390 1753 distantiam,

287 1794 319 1850 ct
339 1785 427 1851 nulla
443 1808 570 1871 prorsus
590 1785 740 1851 existente
761 1784 889 1851 materia
909 1785 1102 1863 intermedia,
1117 1785 1196 1849 actio
1216 1784 1309 1849 unius
1329 1784 1390 1849 ele·

287 1896 385 1961 menti
394 1896 558 1961 immediate
571 1896 698 1981 attingit
712 1896 855 1961 alterum.
900 1896 983 1963 Nam
993 1896 1091 1960 virtus
1105 1894 1235 1979 agentis,
1247 1905 1283 1960 ut
1298 1919 1392 1981 snpra

286 2007 473 2087 monuimus,
489 2030 553 2073 non
575 2008 668 2072 estin
683 2010 734 2072 nbi
753 2028 907 2091 corporeo,
922 2029 980 2071 nec
1001 2006 1087 2071 locus
1107 2008 1173 2071 eius
1187 2006 1297 2092 aliquis
1319 2030 1391 2092 pro-

287 2119 353 2204 prie
380 2119 534 2205 designari
561 2127 684 2205 potest:
715 2141 772 2184 nec
794 2118 857 2191 ulla
883 2118 980 2183 virtus
1007 2118 1127 2203 agentis
1152 2117 1247 2183 distat
1269 2118 1308 2183 ab
1330 2118 1391 2183 alia

287 2231 400 2297 virtme
422 2230 568 2309 localiter,
591 2253 687 2315 quum
710 2230 808 2294 virtus
832 2248 897 2293 non
927 2228 967 2292 sit
989 2228 1046 2293 sub
1069 2227 1306 2314 praedicamento
1327 2232 1388 2294 abi.

288 2342 372 2409 Hinc
394 2352 545 2428 punctum
567 2341 722 2407 materiale
744 2350 790 2405 est
815 2340 939 2425 quidem
962 2340 995 2404 in
1016 2339 1085 2404 loco
1106 2341 1223 2405 ratione
1245 2341 1389 2421 materiae,

285 2455 339 2517 aed
350 2477 409 2517 noa
426 2456 543 2518 ratione
560 2455 697 2531 virtutia5
720 2452 792 2537 quia
813 2453 910 2515 virtus
930 2450 1154 2517 indivisibiliter
1172 2461 1203 2517 et
1225 2453 1388 2519 incircum-

287 2565 429 2651 scriptive
450 2574 497 2629 cst
528 2565 561 2628 in
584 2565 683 2650 spatio
695 2589 705 2643 3
736 2572 767 2627 et
789 2563 917 2648 attingit
938 2563 972 2626 id
1006 2563 1038 2627 in
1062 2585 1123 2648 quo
1145 2564 1236 2630 efficit
1258 2575 1389 2645 motum,

287 2677 363 2760 quin
386 2675 523 2759 indigeat
538 2676 721 2740 successivas
736 2674 899 2738 distantias
919 2674 1115 2739 intermedias
1129 2698 1302 2759 percurrere
1324 2700 1390 2741 me·

287 2788 392 2851 diante
406 2787 519 2871 aliquo.
560 2786 641 2850 Nam
651 2788 749 2850 virtus
764 2808 828 2850 non
844 2785 979 2850 defertur
993 2794 1082 2850 motu
1096 2786 1195 2865 locali,
1206 2809 1262 2851 nec
1278 2787 1390 2852 deferri

286 2905 389 2981 potest
400 2920 505 2981 perse,
514 2918 611 2982 quum
622 2897 689 2960 loco
699 2919 763 2961 non
778 2905 936 2961 teneatur:
953 2896 1008 2961 sed
1019 2897 1084 2960 sola
1095 2896 1267 2962 substantia
1276 2901 1390 2964 moveri

286 3008 423 3073 localiter
435 3016 547 3093 potest.
594 3006 699 3083 Quum
714 3007 811 3091 igitur
824 3010 875 3072 nbi
889 3008 993 3093 stricte
1007 3008 1158 3093 pertineat
1173 3009 1213 3073 ad
1232 3011 1391 3075 materiam

286 3128 451 3200 actuatam,
465 3142 527 3185 non
548 3128 651 3183 autem
674 3118 713 3182 ad
736 3120 835 3203 ipsam
850 3120 978 3183 formam
997 3129 1172 3185 actuantem
1187 3130 1220 3186 nt
1235 3131 1279 3186 eat
1293 3126 1325 3187 ira
1332 3146 1392 3207 po·

288 3233 381 3295 tentia
404 3233 445 3295 ad
464 3232 606 3315 operclum
625 3232 669 3295 cd
688 3239 783 3309 entra,
807 3231 935 3315 quaestio
959 3232 997 3295 de
1019 3231 1138 3295 actione
1160 3233 1194 3296 in
1216 3233 1333 3299 distans
1355 3238 1391 3300 fit

287 3342 434 3422 ridicula3
465 3365 563 3427 quum
594 3341 741 3408 distantia
765 3341 915 3405 habeatur
938 3364 992 3427 per
1015 3343 1075 3422 ati,
1099 3354 1130 3406 et
1155 3343 1252 3408 virtus
1275 3367 1344 3430 quae
1373 3370 1391 3411 a

286 3455 384 3518 forma
404 3454 540 3539 procedit
561 3477 624 3517 non
639 3453 906 3518 circumscribatur
925 3453 957 3517 in
978 3453 1080 3538 aliquo
1094 3456 1155 3519 cti.
1198 3456 1282 3540 Ergo
1305 3458 1391 3523 nulla

286 3588 424 3649 unquam
439 3564 585 3629 distantia
599 3565 750 3649 assignari
768 3573 871 3649 potest
886 3564 966 3628 inter
980 3566 1125 3629 virtutem
1145 3568 1265 3651 agentis
1280 3577 1311 3633 et
1326 3545 1390 3633 mai

286 3677 395 3742 teriam
417 3678 484 3741 eius
506 3676 710 3762 receptivam:
735 3676 847 3740 sivero
867 3676 954 3739 nulla
977 3676 1123 3740 distantia
1144 3688 1191 3741 est
1205 3678 1328 3743 virtutis
1350 3680 1390 3744 ab

286 3788 421 3874 eoquod
440 3789 548 3873 recipit
568 3788 635 3853 eius
657 3796 772 3866 actum,
788 3786 875 3851 narllo
895 3810 973 3872 opus
992 3798 1038 3852 est
1060 3789 1160 3854 medio
1183 3791 1389 3856 communica·

285 3901 388 3981 tionis,
405 3900 459 3965 sed
472 3900 648 3965 immediate
662 3898 850 3984 imprimitur
865 3909 979 3964 motus.

330 4015 384 4077 41.
406 4013 460 4092 At,
475 4012 606 4097 inquies,
622 4012 682 4076 nisi
698 4011 809 4096 globus
825 4036 852 4077 v.
869 4035 914 4097 gr.
930 4013 1084 4079 eburneus
1098 4014 1131 4078 in
1147 4014 1243 4079 alium
1258 4014 1387 4099 globum

286 4123 472 4207 proiiciatur,
482 4131 512 4187 et
523 4122 662 4187 deveniat
673 4122 712 4187 ad
721 4131 908 4203 contactum,
919 4146 983 4189 non
992 4125 1268 4190 communicabitur
1276 4136 1391 4193 motus.

285 4234 369 4317 Ergo
384 4232 424 4297 ad
438 4233 677 4318 imprimendum
689 4242 807 4299 motum
820 4235 986 4320 requiritur
995 4244 1154 4301 contactus
1170 4238 1303 4303 materiae
1318 4259 1389 4303 cum

286 4343 422 4407 materia.
468 4344 551 4427 Ilrgo
567 4344 665 4410 virtus
680 4345 898 4410 communicari
913 4368 968 4431 per
982 4346 1141 4412 materiam
1156 4348 1256 4413 debet.
