3200 4984
214 368 370 451 csr.111.]
504 452 506 456 .
595 389 713 433 annun
729 388 959 444 uarussurun.
1274 366 1315 429 ⁶5

213 551 246 616 in
276 573 309 614 se
338 550 517 616 subsistens.
562 551 706 630 ntideo,
737 552 822 616 iuxta
851 552 930 616 hane
960 551 1180 632 definitionem,
1205 573 1316 637 corpus

213 662 392 746 organicum
408 661 571 727 idco-esset
585 684 641 727 ens
660 663 694 726 in
710 685 743 726 se
760 663 943 742 subsistens,
958 663 1031 749 quia
1050 662 1152 727 anima
1167 661 1253 727 daret
1270 662 1316 727 illi

212 774 319 837 essein
330 796 364 837 se
375 772 555 838 subsistens.
602 774 671 838 Hoc
685 796 755 838 vero
775 781 823 838 est
843 781 947 859 aperte
963 773 1086 854 falsum,
1102 796 1198 861 quum
1213 774 1316 841 anima

213 907 277 949 non
291 884 444 965 adveniat,
458 884 521 949 nisi
535 885 654 970 corpori
668 884 729 949 iam
745 885 777 948 in
794 908 826 949 se
841 883 1034 951 subsistenti.

256 1000 308 1061 50.
331 998 435 1061 Dices.
472 995 507 1060 Si
520 996 579 1061 hoc
593 1019 699 1061 verum
713 1005 804 1077 esset,
816 995 1013 1063 admittendae
1027 1005 1128 1062 essent
1143 996 1177 1061 in
1190 995 1315 1061 homine

212 1116 260 1171 tot
281 1109 387 1172 formae
409 1108 635 1188 substantiales,
658 1117 734 1193 quot
757 1116 830 1172 sumt
852 1116 954 1193 partes
976 1110 1109 1173 materiae
1125 1108 1159 1173 in
1181 1128 1315 1194 corpore.

215 1220 275 1284 Sed
288 1220 348 1284 hoc
361 1229 524 1306 repugnat.
569 1221 651 1283 Nam
666 1220 699 1283 in
711 1242 897 1306 unoquoque
912 1230 983 1285 ente
997 1242 1052 1306 per
1066 1244 1098 1287 se
1110 1230 1243 1301 nonest,
1255 1220 1317 1285 nisi

212 1332 302 1397 unica
316 1331 415 1395 forma
429 1330 649 1395 substantialis.
688 1330 791 1395 Homo
807 1338 910 1396 autem
925 1339 972 1395 est
987 1354 1084 1396 unum
1096 1354 1152 1417 per
1166 1354 1198 1397 se
1206 1356 1216 1411 3
1231 1352 1314 1415 ergo.

213 1444 361 1509 Praeterea
375 1420 562 1529 sequeretur,
574 1442 708 1507 animam
720 1465 785 1507 esse
799 1441 930 1509 formam
941 1440 1158 1507 accidentalem
1169 1440 1313 1527 eorporis.

213 1554 295 1618 Nam
310 1576 420 1641 corpus
434 1554 497 1619 iam
510 1554 637 1618 haberet
657 1575 747 1618 suum
768 1576 834 1619 esse
854 1553 1054 1621 substantiale
1074 1553 1315 1639 independenter

212 1666 251 1731 ab
267 1666 380 1731 anima.

256 1777 438 1863 Respondeo
452 1777 492 1842 ad
511 1775 647 1862 primum
668 1799 693 1841 c.
709 1778 759 1841 Μ.
781 1777 808 1840 si
829 1776 927 1841 forma
945 1775 1154 1841 substantialis
1175 1784 1315 1841 sumatur

211 1890 332 1975 proprie
353 1912 409 1974 pro
431 1911 476 1969 ea,
500 1911 569 1974 qnae
590 1874 643 1953 dat
657 1889 789 1973 primum
808 1910 869 1953 esse
889 1888 1032 1969 materiae,
1053 1898 1084 1952 et
1104 1911 1135 1953 a.
1149 1890 1218 1952 mia.
1264 1888 1315 1953 Ad

212 2002 424 2087 probationem
446 2003 516 2066 dist.
540 2002 589 2065 Μ.
619 2000 652 2063 in
679 2022 865 2087 unoquoque
894 2008 966 2065 ente
992 1999 1123 2085 simplici
1152 2024 1177 2065 c.
1201 2001 1250 2065 M.
1282 2000 1314 2064 in

212 2135 399 2200 unoquoque
413 2120 484 2177 ente
499 2111 668 2196 composito
688 2134 719 2176 o.
733 2113 785 2175 M.
834 2113 921 2175 Coae.
937 2114 1005 2175 mio.
1023 2118 1054 2174 et
1068 2134 1098 2174 a.
1114 2132 1228 2194 cuneo.
1273 2110 1314 2174 In

211 2226 296 2291 omni
318 2224 487 2310 composito
508 2244 608 2287 unum
629 2244 684 2308 per
707 2244 748 2300 se,
772 2221 857 2306 quod
879 2221 1007 2285 resultat
1027 2243 1064 2285 ex
1085 2220 1314 2306 compositione,
1388 2216 1389 2221 ’

211 2359 275 2401 non
297 2336 445 2422 accipitur
462 2334 631 2400 secundum
654 2333 868 2413 substantiam,
887 2332 941 2397 sed
963 2332 1132 2399 secundum
1154 2341 1314 2398 naturam:

212 2448 336 2515 evidens
350 2448 433 2513 enim
447 2456 495 2511 ast
509 2468 573 2511 non
587 2445 694 2510 haberi
714 2454 816 2510 totum
836 2445 960 2530 aliquod
980 2443 1193 2525 substantiale,
1205 2444 1239 2509 in
1254 2468 1315 2530 quo

212 2559 341 2645 singulae
360 2567 462 2643 partes
481 2580 546 2621 non
565 2557 700 2621 habeant
722 2579 813 2621 suum
835 2579 902 2621 esse
919 2555 1053 2642 primum
1071 2555 1110 2621 ab
1125 2556 1254 2623 invicem
1269 2558 1315 2622 di-

211 2672 359 2737 stinctum
382 2668 633 2734 substantialiter.
678 2668 738 2733 Tot
759 2690 833 2753 ergo
858 2667 970 2733 debent
992 2690 1057 2735 esse
1078 2669 1183 2735 formae
1207 2670 1315 2735 danus

211 2784 347 2869 primum
361 2804 436 2860 esse,
453 2789 529 2866 quot
544 2788 617 2844 sunt
631 2788 733 2864 partes
744 2780 775 2844 in
788 2780 967 2865 composito.
1004 2780 1046 2844 nt
1057 2780 1101 2845 sic
1111 2783 1315 2867 compositum

212 2918 276 2960 non
297 2903 345 2959 est
366 2916 464 2958 unum
487 2915 542 2977 per
564 2914 597 2955 se
619 2891 784 2956 euformis
807 2891 1061 2957 substantialibus
1084 2892 1228 2959 dantibus
1250 2917 1316 2959 esse

212 3006 392 3072 substantiae
413 3003 544 3089 singulis
560 3002 711 3088 partibus.
758 3002 820 3067 Sed
838 3011 949 3087 praeter
970 3004 1026 3068 has
1041 3004 1155 3077 formas
1172 3006 1315 3070 substan-

211 3118 310 3197 tiales,
325 3116 391 3181 dari
409 3114 500 3179 debet
519 3114 552 3177 in
572 3113 741 3198 composito
762 3113 822 3177 alia
841 3114 947 3192 forma,
968 3123 1198 3201 propterquam
1214 3126 1315 3201 partes

212 3231 245 3293 in
260 3252 292 3293 se
306 3228 368 3291 iam
382 3226 594 3305 subsistentes,
606 3223 820 3309 intelligantur
831 3224 1032 3290 determinato
1043 3248 1123 3290 nexu
1134 3227 1314 3306 coniunctae,

212 3343 256 3406 ita
271 3349 306 3406 ut
320 3340 510 3404 constituant
526 3336 763 3401 determinatum
777 3336 963 3420 principium
984 3337 1138 3402 actionum
1153 3346 1185 3401 at
1199 3339 1314 3422 passio-

115 3480 119 3485 ·
212 3476 300 3532 num,
313 3452 346 3516 id
359 3458 406 3515 est
421 3448 656 3514 determinatam
670 3456 824 3511 naturam.
870 3448 946 3511 Haec
961 3456 1064 3513 autem
1079 3449 1176 3513 forma
1190 3472 1254 3515 non
1268 3459 1315 3515 est

212 3566 273 3630 nisi
302 3563 393 3629 unica
420 3561 454 3625 in
478 3568 544 3625 toto
568 3559 747 3644 composito,
762 3567 793 3623 et
818 3559 862 3624 sic
885 3559 938 3624 dat
962 3560 1112 3625 unitatem
1136 3562 1314 3647 composito,

213 3677 327 3741 faciens
344 3673 422 3737 illud
439 3694 506 3735 esse
525 3682 596 3736 actu
616 3670 677 3735 tale
696 3670 1059 3756 principium-actionum
1077 3680 1108 3736 ct
1126 3674 1313 3757 passionum.

215 3791 290 3854 Haec
303 3786 400 3871 igitrn
412 3785 512 3850 forma
525 3791 556 3849 et
578 3792 625 3847 est
643 3806 715 3861 una,
730 3792 762 3846 et
781 3783 907 3847 unificat
924 3784 1137 3870 compositum,
1154 3785 1256 3849 dando
1270 3786 1316 3851 illi

213 3925 278 3967 esse
301 3921 408 3977 unum,
428 3918 493 3961 non
514 3895 638 3981 quidem
659 3894 693 3958 in
715 3895 834 3959 ratione
856 3894 1044 3974 substantiae,
1067 3895 1122 3960 sed
1143 3895 1177 3961 in
1198 3897 1315 3963 ratione

214 4011 374 4079 cuiusdam
387 4016 522 4073 natnrae:
537 4005 621 4070 unde
631 4005 741 4070 merito
752 4005 925 4090 appellatur
935 4005 1034 4069 forma
1043 4006 1202 4074 naturalis.
1231 4008 1316 4095 Ergo

213 4147 323 4209 corpus
336 4122 519 4200 humanum,
530 4118 602 4182 licet
616 4102 727 4182 haberit
741 4116 891 4203 plurimas
901 4126 1014 4202 partes,
1025 4139 1155 4203 quarum
1170 4142 1316 4205 unaquae-

215 4260 274 4323 que
288 4232 428 4300 subsistit
443 4231 476 4295 in
488 4252 521 4295 se
534 4252 589 4315 per
601 4252 688 4293 suam
703 4228 833 4293 formam
848 4229 973 4293 dantem
988 4229 1033 4294 illi
1049 4230 1226 4316 simpliciter
1240 4255 1316 4313 esse,

213 4373 277 4415 non
296 4344 436 4433 impedit,
457 4342 623 4431 quominus
642 4342 734 4406 bomo
749 4341 789 4406 sit
809 4364 907 4407 unum
927 4364 981 4427 per
996 4365 1028 4407 se
1044 4343 1211 4409 secundum
1226 4352 1316 4409 natu·
