3200 4984
201 420 271 466 cra.
289 403 347 487 ιι.]
512 423 555 467 ua
571 424 777 471 suasrsunra
794 426 972 472 consonas.
1245 412 1305 475 131

246 590 527 676 Impenetrabilitas
548 612 612 655 non
629 601 677 657 est
693 592 863 677 proprietas
885 591 1025 657 absoluta
1047 594 1190 675 materiae,
1205 594 1250 659 ita
1271 604 1308 661 ut

201 702 310 767 debeat
326 701 483 787 praedicari
498 702 537 767 de
556 702 688 788 singulis
709 703 775 767 eius
796 703 955 769 clementia
965 730 975 784 ;
997 704 1051 769 sed
1073 713 1119 771 est
1138 707 1308 791 proprietas

201 834 374 897 corporum,
400 821 436 877 ut
462 811 711 898 compositorum,
735 822 772 878 ut
796 812 879 877 infra
900 816 1105 895 ostendemus,
1128 823 1159 880 et
1180 815 1306 902 quidem

200 924 344 1004 relativa3
366 924 503 1009 exsurgit
522 924 605 989 enim
624 946 661 989 ex
677 925 795 989 mutuis
813 935 845 990 et
862 925 996 991 relativis
1017 926 1151 1011 plurium
1173 928 1305 1008 elemen-

200 1045 305 1100 torum
330 1036 503 1101 actionibus
531 1036 787 1121 componentibus
814 1045 947 1123 systema
969 1038 1080 1103 virium
1102 1039 1225 1106 relative
1247 1040 1306 1105 im·

201 1147 398 1231 penetrabile.
429 1148 496 1212 Nec
507 1148 543 1212 P.
552 1146 742 1212 Boschovich
753 1146 893 1233 probavit
907 1149 1114 1230 contrarium
1138 1150 1191 1217 sed
1205 1152 1306 1236 posito

201 1258 381 1345 simpliciter
388 1258 470 1323 facto
480 1257 788 1343 impenetrabilitatis,
799 1258 889 1345 quale
901 1259 1029 1324 resultat
1040 1283 1076 1325 ex
1086 1262 1305 1345 observatione,

200 1370 298 1456 ipsius
317 1378 461 1435 naturam
478 1370 619 1435 intimam
641 1392 704 1435 non
728 1378 775 1435 cst
796 1379 960 1451 scrutatus,
981 1372 1036 1437 sed
1053 1373 1158 1439 statim
1180 1373 1306 1441 deduxit

200 1482 460 1567 consequentiam,
489 1503 558 1568 qnae
581 1479 641 1546 sibi
663 1481 753 1547 obvie
777 1483 842 1548 visa
867 1492 924 1550 ert.
978 1485 1021 1549 At
1050 1485 1307 1553 considerationes

201 1617 296 1679 supra
312 1594 400 1660 lacta
418 1592 587 1659 ostendunt
611 1593 704 1658 talam
726 1595 975 1680 consequentiam
993 1596 1105 1661 rationi
1124 1598 1306 1665 contrariam

201 1728 276 1772 esse.
320 1706 363 1771 Iit
385 1706 444 1771 hoc
466 1706 570 1791 ipsum
598 1704 670 1771 licet
694 1706 837 1790 colligere
859 1729 897 1772 ex
925 1706 1109 1793 quibusdam
1138 1709 1260 1775 indiciis
1288 1733 1307 1777 a

201 1816 371 1903 posteriori,
387 1839 456 1902 quoe
478 1815 655 1902 prebeatur
675 1815 709 1881 in
727 1816 1006 1883 combinationibus
1031 1818 1179 1885 chimicis.
1224 1820 1307 1885 Nam

202 1928 389 1997 combinatio
398 1951 428 1994 v.
440 1950 487 2013 gr.
499 1926 643 2014 oxygenii
657 1949 729 1993 cum
743 1927 944 2015 hydrogenio,
960 1928 1022 1997 sive
1036 1929 1069 1995 in
1084 1929 1306 2011 combustione,

204 2040 268 2105 sive
289 2040 324 2105 in
345 2040 564 2124 compositione
588 2061 688 2126 aquae,
714 2038 791 2104 adeo
815 2039 960 2106 immutat
986 2041 1237 2107 constitutionem
1258 2043 1307 2107 in·

202 2149 368 2216 trinseeam
393 2150 655 2236 componentium,
676 2159 713 2215 ut
737 2149 877 2215 videatur
897 2150 1024 2216 omnino
1046 2172 1110 2217 non
1131 2173 1220 2238 possa
1241 2152 1306 2219 lieri

202 2262 270 2351 sine
293 2261 485 2328 contactibus
509 2269 541 2326 et
561 2260 893 2347 compenetrationibus
916 2261 1107 2347 rapidissima
1128 2261 1306 2344 fluentibus,

203 2395 239 2439 eo
254 2372 357 2453 modo,
372 2395 434 2458 quo
448 2371 667 2458 explicabimus
681 2394 745 2437 rem
766 2394 855 2457 possa
874 2371 949 2436 fieri.
996 2372 1142 2437 Similiter
1160 2373 1307 2440 resolutio

202 2485 314 2551 salium
329 2484 362 2551 in
377 2506 466 2570 aqua,
482 2484 644 2569 vegetatio,
657 2493 688 2549 et
703 2484 873 2568 generatim
885 2483 985 2549 omnis
1000 2485 1153 2570 corruptio
1168 2485 1307 2567 chimica,

202 2620 259 2684 per
286 2620 381 2682 quam
409 2605 536 2682 pereant
564 2595 766 2681 proprietates
791 2595 921 2661 alicuius
944 2594 1123 2661 substantiae
1147 2597 1306 2679 naturalis,

202 2709 326 2775 videtur
352 2708 507 2794 postulare
536 2706 671 2793 aliquam
703 2707 882 2773 relationem
915 2707 1015 2793 magis
1043 2708 1184 2773 intimam
1213 2711 1307 2775 unius

201 2817 347 2885 elementi
360 2819 394 2883 in
408 2818 502 2899 aliud,
515 2841 607 2903 quam
620 2818 715 2883 solam
727 2819 1003 2904 iuxtapositionem.
1033 2820 1076 2885 Et
1086 2817 1307 2907 consequenter

202 2953 267 2998 nou
290 2930 403 2997 debent
432 2930 583 2995 elementa
606 2930 756 2995 eiusmodi
780 2930 924 3015 impediri
948 2952 1003 3016 per
1027 2930 1105 2996 vires
1130 2932 1306 3017 repulsivas,

203 3043 370 3130 quominus
384 3041 424 3107 ad
438 3050 613 3107 contactum
628 3041 817 3127 perveniant.
862 3040 1118 3107 Concludendum
1129 3042 1308 3129 ergo,quod
1346 3122 1349 3129 ,

202 3157 321 3221 factum
337 3154 636 3240 impenetrabilitatis
654 3175 718 3217 non
738 3162 785 3217 est
805 3152 970 3217 fundatum
991 3153 1091 3238 quoad
1105 3174 1228 3219 omnem
1244 3175 1308 3221 ma·

203 3266 323 3346 teriam,
339 3274 371 3331 et
390 3264 492 3350 quoad
509 3286 601 3329 omne
622 3263 818 3343 elementum,
839 3264 1097 3349 quemadmodum
1118 3265 1306 3332 Boschovich

205 3378 378 3463 supposuit.
422 3376 464 3441 Et
478 3376 550 3442 licet
564 3375 677 3441 iudicia
696 3376 859 3461 desumpta
873 3399 909 3441 ex
924 3376 1053 3442 chimica
1066 3400 1129 3444 non
1145 3380 1306 3462 sufficiant,

204 3513 243 3555 ex
257 3513 290 3555 se
310 3490 392 3569 solis,
412 3488 452 3553 ad
470 3489 739 3555 demonstrandam
758 3488 979 3555 elementorum
1001 3491 1205 3576 quorumdam
1225 3514 1308 3557 com-

203 3601 457 3688 penetrationem,
480 3601 584 3666 lavent
606 3608 711 3666 tamen
734 3600 835 3667 eidem
863 3602 1145 3687 compeuetrationi,
1169 3604 1217 3668 vel
1242 3604 1308 3669 eius

202 3713 410 3801 possibilitati.

248 3828 317 3891 Nos
331 3834 446 3905 autem,
461 3824 610 3910 quianon
625 3846 663 3888 cx
676 3822 798 3888 iudiciis
813 3822 1001 3902 huiusmodi,
1017 3822 1070 3887 sed
1085 3844 1122 3887 ex
1136 3822 1309 3889 intrinsecis

203 3936 412 4005 constitutivis
435 3935 614 4000 substantiae
635 3935 801 4000 materialis
828 3933 1007 4000 deducimus
1033 3933 1308 4019 impossibilitatem

205 4048 385 4115 mutationis
399 4046 478 4112 circa
492 4056 635 4111 naturam
650 4046 778 4112 actionis
793 4046 831 4110 de
844 4046 1004 4111 attractiva
1018 4045 1051 4109 in
1066 4045 1258 4130 repulsivam,
1273 4068 1310 4113 ex

205 4170 311 4227 nostra
324 4158 557 4224 ratiocinatione
571 4156 761 4236 deducimus,
776 4178 840 4221 non
858 4178 930 4221 eum
945 4156 1071 4243 physica
1085 4154 1309 4241 probabilitate,

205 4272 259 4338 sed
274 4293 344 4336 cum
360 4268 493 4355 quadam
507 4268 692 4333 certitudine
705 4267 929 4354 philosophica,
944 4268 1095 4347 elementa
1113 4290 1176 4333 uon
1191 4254 1257 4333 esse
1271 4269 1310 4334 da

205 4408 237 4449 se
251 4380 496 4469 impenetrabilia
515 4382 568 4462 ita,
591 4389 628 4445 ut
650 4404 749 4445 uuum
770 4389 904 4465 nequeat
926 4380 1056 4446 transire
1078 4403 1132 4465 per
1152 4380 1236 4446 aliud
1246 4407 1256 4461 3
1279 4394 1310 4447 et

1078 4512 1100 4555 ιι
1115 4494 1137 4557 2
