3200 4984
305 407 369 473 182
631 426 673 469 ur
690 426 894 471 suerranum
910 426 1098 472 consonus.¹
1263 410 1352 494 [car.
1369 430 1408 473 11.

306 594 419 661 iudicia
432 617 452 659 o
467 596 640 679 posteriori,
659 615 728 680 quae
744 594 826 659 idem
846 593 989 659 videntur
1008 593 1142 674 suadere,
1161 617 1224 660 uon
1241 596 1408 682 accipimus

305 714 342 773 ut
356 714 549 792 argumenta,
564 705 618 770 sed
633 706 828 790 agnoscimus
844 705 991 770 duntaxat
1002 715 1160 792 tamquam
1172 702 1260 793 sigua
1271 710 1408 775 veritatis

305 819 449 884 inventae.
493 817 543 883 De
558 817 670 904 quibus
684 816 754 883 vide
767 816 848 882 infra
862 818 1021 881 u.100et
1036 840 1098 903 seq.

348 933 402 997 49.
429 928 586 1007 Quaeritur
611 937 730 1015 quarto,
756 952 815 1013 qao
837 930 899 1014 leye
920 938 1011 1014 ayant
1032 932 1109 994 circs
1132 933 1261 995 materie
1286 931 1408 995 elemos-

304 1044 388 1109 toria.

348 1152 541 1239 Respondeo,
556 1176 607 1219 eas
621 1175 710 1239 agere
724 1154 757 1218 in
772 1153 889 1219 ratione
904 1153 1023 1219 inversa
1038 1153 1254 1239 quadraturam
1269 1175 1287 1217 a
1301 1162 1407 1218 centro

304 1265 530 1332 distantiarum.
574 1266 656 1330 Nam
671 1266 726 1345 vis,
742 1266 805 1331 sive
827 1266 995 1345 attractiva,
1018 1266 1080 1331 sive
1104 1265 1267 1351 repulsiva,
1289 1262 1410 1355 exercet

304 1400 337 1443 se
350 1378 385 1442 in
405 1400 527 1442 omnem
550 1398 685 1457 sensum,
705 1375 738 1441 id
760 1386 807 1442 est
829 1376 984 1462 sphaerice,
1007 1384 1043 1441 ut
1065 1398 1172 1441 omnes
1194 1374 1313 1463 physici
1332 1398 1406 1440 eou-

305 1490 453 1555 sentiuut.
491 1491 592 1575 Agere
607 1497 709 1554 autem
720 1488 754 1553 in
769 1489 920 1573 sphaeram
936 1488 1090 1574 importat,
1106 1499 1141 1553 ut
1155 1489 1262 1553 eadem
1276 1509 1407 1552 numero

302 1600 349 1666 vis
363 1609 479 1685 quanto
492 1599 616 1685 longius
636 1622 654 1665 a
673 1608 779 1665 centro
800 1600 874 1685 agit,
895 1608 982 1664 tanto
1003 1600 1146 1664 maiorem
1167 1599 1200 1663 iu
1215 1599 1411 1684 superficiem·

286 1712 446 1793 ,extendat
461 1733 548 1777 suam
562 1711 724 1777 actionem.
769 1711 902 1776 Necesse
918 1733 991 1795 ergo
1011 1720 1067 1790 est,
1088 1719 1123 1774 ut
1142 1707 1231 1775 tauto
1250 1709 1351 1773 minor
1366 1709 1407 1773 sit

303 1821 464 1886 intensitas
493 1822 631 1902 actionis,
657 1830 775 1908 quanto
804 1822 903 1907 magis
929 1822 1084 1908 spargitur
1108 1821 1147 1887 ad
1170 1821 1269 1906 plura.
1324 1820 1416 1913 Quia·

303 1955 377 2016 ergo
391 1932 564 2017 superficies
580 1934 767 2020 sphaerarum
781 1941 855 1998 sunt
875 1934 955 1999 inter
970 1957 1002 1999 se
1022 1942 1058 1998 ut
1078 1933 1226 2019 quadrata
1240 1934 1406 2013 radiorum,

304 2066 359 2109 seu
393 2045 610 2111 distantiarum
640 2069 658 2111 a
687 2056 802 2126 centro,
832 2069 955 2111 necesse
983 2056 1031 2112 est
1060 2045 1159 2111 dicere
1195 2046 1405 2110 intensitatem

303 2155 431 2221 actionis
445 2156 553 2237 minui,
570 2166 662 2241 pmut
679 2157 787 2222 crescit
811 2157 995 2242 quadratum
1015 2156 1178 2221 distantiae.
1211 2156 1305 2222 -Haec
1327 2158 1405 2221 ratio

303 2267 381 2332 mihi
394 2267 516 2333 videtur
530 2268 654 2349 directe,
669 2277 700 2333 ct
711 2291 748 2333 cx
762 2277 873 2333 natura
892 2268 945 2347 rei,
960 2267 1098 2353 probare,
1113 2267 1212 2353 legem
1229 2268 1356 2333 actionis
1370 2266 1404 2333 iu

302 2378 422 2443 ratione
434 2379 552 2444 inversa
573 2379 789 2465 quadraturam
807 2379 1022 2443 distantiarum
1042 2400 1108 2443 esse
1128 2379 1318 2453 essentialem
1339 2403 1405 2445 ma-

301 2490 396 2555 teriae.
441 2491 630 2577 Principium
645 2492 727 2555 euim
747 2514 823 2556 mese
841 2491 1126 2577 argumentationis,
1142 2492 1224 2577 quod
1240 2492 1403 2557 diminutio

270 2600 279 2613 ‘
301 2602 488 2669 intensitutis
509 2603 638 2669 actionis
660 2603 841 2689 respoudeat
859 2602 1031 2667 dilatationi
1053 2603 1192 2688 sphaerae,
1213 2603 1246 2667 in
1269 2626 1331 2689 qua
1353 2628 1403 2670 ex·

301 2701 431 2794 creetur,
457 2714 562 2800 uagari
591 2714 717 2780 omnino
742 2714 860 2799 nequit,
891 2736 987 2799 quum
1012 2713 1194 2779 admittatur
1220 2738 1239 2779 a
1267 2716 1401 2803 physicis

303 2824 423 2907 (saltem
439 2847 494 2909 pro
509 2825 674 2890 maioribus
689 2824 854 2908 distantiis)
872 2823 1082 2889 intensitatem
1101 2825 1201 2889 minui
1219 2835 1313 2910 prout
1328 2826 1403 2891 dila·

300 2942 407 2997 tantur
430 2935 604 3019 superficies
630 2926 794 3020 spherica,
816 2943 849 2999 et
871 2934 986 2999 nullam
1011 2934 1100 2999 aliam
1126 2936 1262 3001 iuvenire
1283 2937 1404 3022 possint

302 3043 452 3108 rationem
480 3045 574 3109 huius
603 3046 685 3126 sacti,
711 3045 771 3109 uisi
793 3046 883 3124 haue,
909 3044 995 3130 quod
1019 3045 1075 3125 vis,
1099 3055 1215 3130 quanto
1237 3045 1361 3131 longius
1384 3071 1417 3112 a.

301 3164 409 3219 centro
423 3156 498 3241 agit,
513 3163 600 3221 tauto
615 3157 713 3242 magis
728 3157 844 3242 spargit
860 3180 945 3220 suam
955 3156 1100 3221 virtutem
1115 3157 1147 3221 in
1163 3158 1271 3242 spatio.
1311 3158 1403 3236 Quod

301 3256 405 3331 autem
426 3266 520 3332 iidem
542 3267 662 3354 physici
682 3269 716 3332 in
738 3268 909 3333 minoribus
932 3267 1084 3332 distantiis
1106 3290 1215 3333 novam
1235 3269 1333 3354 legem
1355 3271 1402 3334 in·

301 3377 464 3463 vestigent,
479 3378 538 3443 hoc
553 3379 697 3459 ostendit,
712 3401 764 3443 eos
779 3378 931 3443 iuvenisse
951 3378 1159 3443 difficultatem
1174 3379 1207 3442 in
1222 3380 1403 3464 applicanda

301 3486 371 3572 lege
388 3487 427 3553 de
447 3487 603 3574 quadratis
625 3489 798 3569 distantiis,
823 3485 879 3554 'sed
896 3510 1001 3553 eorum
1018 3488 1214 3575 investigatio
1234 3512 1298 3555 uon
1321 3492 1403 3556 tollit

301 3599 458 3665 veritatem
480 3600 622 3686 principii
645 3601 791 3685 praedicti,
815 3601 933 3665 eteius
955 3600 1188 3685 applicationem
1211 3602 1244 3665 in
1267 3602 1403 3668 minimis

301 3710 394 3775 etiam
409 3710 573 3775 distantiis.
619 3710 787 3796 Siquidem,
802 3710 893 3775 etiam
910 3711 942 3775 in
962 3712 1098 3775 minimis
1119 3712 1403 3799 distantiis,'super7

301 3820 384 3885 ficies
405 3822 591 3906 sphaerarum
613 3830 686 3886 sunt
707 3822 841 3885 interae
862 3820 908 3885 uti
930 3822 1078 3906 quadrata
1094 3822 1266 3903 'radiorum
1286 3847 1341 3888 seu
1356 3824 1404 3889 di-

304 3932 509 4011 stantiarum3
532 3954 605 4015 ergo
619 3932 712 3997 etiam
727 3931 760 3994 in
782 3932 919 3996 minimis
939 3931 1092 3997 distantiis
1112 3943 1283 4018 perseverat
1296 3934 1404 4001 eadem

300 4041 390 4121 ratio,
404 4065 473 4127 quae
487 4041 567 4106 valet
579 4040 637 4127 pro
652 4041 806 4108 distantiis
823 4040 999 4107 maioribus.

347 4150 416 4215 Hoc
435 4150 517 4216 idem
535 4151 595 4216 alio
617 4151 709 4216 modo
733 4152 854 4237 probari
877 4161 995 4238 potest:
1019 4152 1158 4219 ‘videlicet
1181 4156 1319 4221 eamdem
1336 4179 1403 4223 esse

301 4261 402 4347 legem
416 4285 472 4347 pro
486 4263 622 4348 quahbet
637 4263 790 4328 distantia.
837 4264 918 4328 Nam
935 4264 1059 4329 unicum
1076 4266 1203 4351 simplex
1217 4267 1403 4353 principium

301 4372 468 4437 necessario
483 4395 587 4456 agens,
604 4374 725 4438 unicam
739 4383 863 4438 tautum
877 4374 988 4441 habere
1008 4384 1110 4460 potest
1127 4378 1239 4461 agendi
1253 4380 1402 4445 rationem
