3200 4984
306 390 372 453 260
687 410 729 453 nn
746 410 867 453 rursus
882 408 1070 453 counrnurs
1277 385 1360 470 [cnr.
1377 406 1400 447 1.

308 596 371 639 non
386 573 538 639 modificet
553 574 754 659 quantitatem
775 575 936 654 distantia,
950 572 1157 639 mathematici
1178 594 1241 636 non
1261 572 1402 655 indigent

308 706 477 770 supponere
499 684 556 748 hos
571 684 716 750 terminos
731 685 926 749 intermedios
941 708 1006 749 esse
1020 685 1124 763 rffles,
1140 684 1194 748 sed
1208 683 1318 748 sufficit
1333 682 1401 761 illis,

307 796 364 859 hos
387 795 533 859 terminos
559 818 624 859 esse
638 805 742 859 mente
768 794 979 879 designabiles.
1024 796 1065 860 Et
1088 794 1156 860 ideo
1177 817 1240 859 non
1262 793 1403 877 indigent

306 906 418 971 habere
443 907 576 971 unitates
600 907 767 971 formaliter
794 907 946 985 discretas,
973 916 1009 971 ut
1033 914 1210 971 mensurant
1232 906 1402 969 distantias.

309 1017 411 1094 Quare
432 1018 562 1099 numeri,
583 1019 696 1105 quihus
722 1019 928 1084 mathematici
952 1019 1125 1104 exprimunt
1149 1018 1318 1096 distantias,
1340 1040 1404 1081 non

308 1130 451 1195 exhibent
480 1130 540 1193 nisi
568 1130 781 1194 multitudines
795 1130 949 1209 virtuales,
971 1139 1002 1195 et
1030 1130 1063 1194 in
1092 1130 1204 1215 quibus
1229 1129 1332 1193 unitas
1357 1138 1405 1193 est

191 1294 199 1313 .
307 1241 465 1307 arbitraria
487 1250 517 1306 et
537 1240 713 1307 divisibilis:
747 1250 853 1305 contra
874 1242 1004 1322 numeri,
1026 1242 1138 1327 quibus
1163 1242 1281 1328 physici
1305 1241 1406 1325 expri-

310 1363 400 1417 munt
420 1376 570 1417 summam
593 1353 824 1433 elementorum,
841 1376 895 1418 seu
914 1376 1043 1419 massam
1062 1376 1245 1439 corpoream,
1261 1353 1406 1417 exhibent

310 1464 539 1529 multitudinem
557 1464 725 1544 formalem,
741 1474 772 1529 et
789 1466 822 1529 in
845 1488 906 1550 qua
923 1465 1026 1530 unitas
1046 1475 1092 1529 est
1110 1465 1257 1529 naturalis
1271 1473 1302 1528 et
1317 1464 1408 1528 abso-

308 1576 383 1640 luta.
428 1576 520 1640 Unde
543 1575 705 1640 deducitur
727 1576 898 1641 differentia
919 1577 1083 1642 intrinseca
1103 1577 1183 1640 inter
1202 1576 1407 1661 quantitatem

309 1687 486 1751 continuam
508 1698 539 1751 et
562 1687 740 1753 discretam:
772 1688 900 1753 discreta
923 1711 1032 1773 nempe
1057 1688 1147 1752 efficit
1175 1688 1407 1752 multitudinem

310 1798 480 1879 formalem,
507 1800 581 1863 dum
605 1800 751 1864 continua
777 1822 841 1864 non
867 1801 957 1865 efficit
982 1801 1042 1865 nisi
1064 1800 1241 1864 virtualem:
1275 1800 1348 1864 hinc
1373 1801 1408 1863 in

309 1933 409 1976 massa
431 1911 562 1996 corporis
584 1910 711 1976 alicuius
733 1911 797 1976 dati
818 1934 880 1976 non
904 1923 951 1976 cst
979 1912 1132 1996 possibilis
1153 1912 1260 1977 divisio
1281 1912 1314 1975 in
1336 1911 1407 1973 infi-

310 2021 430 2102 nitum:
454 2023 505 2087 sed
521 2023 671 2109 possibilis
686 2032 731 2087 est
746 2024 825 2087 circa
838 2024 903 2087 eius
917 2024 1070 2089 volumen.

354 2136 407 2201 20.
431 2134 585 2212 Quaeritur
599 2158 692 2215 nono,
706 2136 779 2219 quid
789 2138 831 2199 cit
845 2138 932 2200 locare
1039 2184 1044 2190 -

355 2246 544 2331 Respondeo,
563 2246 665 2312 locum
687 2270 749 2311 non
772 2270 837 2311 esse
859 2248 952 2327 aliud,
970 2247 1030 2311 nisi
1050 2247 1151 2332 ipsum
1174 2246 1307 2331 spatium
1329 2246 1406 2310 rela-

189 2382 190 2385 ’
310 2358 419 2437 tivum,
442 2366 533 2443 prout
555 2368 601 2423 est
623 2358 775 2423 obiectum
798 2382 943 2423 sensuum
965 2368 996 2423 et
1018 2358 1264 2443 imaginationis:
1293 2356 1405 2437 idest,

311 2492 376 2533 esse
386 2470 518 2554 spatium
528 2470 721 2535 sensibilibus
729 2470 879 2535 limitibus
892 2471 1135 2535 determinatum.
1181 2470 1407 2555 Nam,quando

311 2582 480 2666 cogitamus
499 2582 611 2661 locum,
632 2582 836 2667 imaginamur
857 2583 1010 2667 quoddam
1029 2584 1161 2669 spatium
1182 2583 1319 2647 terminis
1337 2582 1407 2666 qui·

312 2693 440 2757 busdam
462 2694 656 2759 sensibilibus
684 2694 928 2774 determinatum,
947 2696 1010 2759 sive
1032 2696 1065 2759 hi
1087 2696 1210 2760 termini
1233 2696 1405 2781 pertineant

310 2804 349 2867 ad
364 2827 482 2890 corpur,
499 2805 582 2891 quod
600 2815 647 2871 est
665 2807 697 2869 in
717 2805 770 2869 illo
787 2806 864 2885 loco,
881 2806 942 2870 sive
961 2807 1132 2891 pertineant
1147 2807 1187 2871 ad
1199 2830 1309 2892 corpus
1322 2808 1406 2870 intra

310 2916 394 3000 quod
415 2926 461 2981 est
482 2917 534 2981 ille
555 2918 650 2982 locus.
693 2918 734 2981 Et
756 2917 835 2998 ideo,
850 2927 886 2981 ut
907 2942 926 2982 a
946 2928 1096 3003 conceptu
1110 2919 1199 3003 spatii
1213 2927 1405 2983 transeamus

311 3027 479 3112 syntheticc
493 3028 531 3092 ad
547 3029 795 3113 compositionem
816 3029 885 3108 loci,
900 3029 1073 3114 indigemus
1088 3030 1196 3095 vestire
1214 3031 1345 3114 spatium
1366 3031 1405 3094 iis

311 3137 624 3218 determinationibus,
646 3140 815 3203 seeundum
835 3162 911 3224 quas
931 3140 1022 3204 modo
1041 3140 1177 3204 sensibili
1195 3142 1406 3225 repraesentari

310 3249 413 3333 possit
461 3249 616 3329 Similiter,
640 3273 736 3335 quum
765 3252 863 3335 primo
892 3253 1080 3335 assurgimus
1101 3252 1248 3337 analytice
1271 3252 1310 3316 ad
1331 3274 1405 3315 con-

309 3368 431 3444 ceptum
446 3361 546 3445 spatii,
569 3361 732 3447 incipimus
747 3386 765 3425 a
780 3365 1046 3447 representatione
1060 3364 1195 3427 sensibili
1209 3363 1277 3443 loci,
1293 3363 1404 3428 deinde

310 3471 512 3537 abstrahendo
534 3482 684 3557 quantum
706 3496 870 3557 possumus
892 3498 910 3538 a
930 3474 1081 3539 limitibus
1101 3474 1162 3539 illis
1184 3474 1403 3551 determinatis,

310 3606 455 3648 conamur
477 3584 632 3650 eliminare
653 3585 851 3669 phantasma:
875 3588 957 3671 quod
978 3587 1049 3651 licet
1070 3608 1137 3650 non.
1158 3588 1310 3671 possimus
1334 3609 1404 3672 per·

309 3698 387 3762 fecte
398 3698 551 3781 consequi,
562 3719 710 3781 negamus
722 3707 824 3762 tamen
835 3721 890 3781 per
903 3698 1093 3762 intellectum
1107 3697 1255 3783 quidquid
1269 3698 1403 3763 limitum

310 3808 409 3873 adhuc
434 3808 609 3873 obversatur
638 3808 858 3893 imaginationi,
888 3820 923 3873 ut
952 3818 1115 3894 conceptus
1143 3810 1284 3874 mentalis
1313 3810 1405 3895 spatii

310 3919 487 4005 purificetur
501 3920 538 3984 ab
555 3921 638 3983 omni
653 3921 843 3984 concretione
858 3920 924 3985 loci.
954 3921 1037 4006 Ergo
1051 3921 1134 3985 locus
1149 3944 1166 3985 a
1181 3921 1278 4006 spatio
1294 3921 1403 3986 distin-

310 4033 416 4117 guitur
431 4055 485 4116 per
498 4032 556 4096 hoc
571 4032 652 4117 quod
668 4032 751 4096 locus
767 4032 806 4096 sit
820 4034 949 4116 spatium
957 4042 1143 4117 proutcenca
1152 4041 1182 4097 et
1196 4035 1403 4116 insufficentiam

303 4145 505 4229 percepitur*.

347 4293 360 4321 *
380 4290 406 4344 S.
420 4290 537 4343 Thomas
554 4290 632 4345 aliter
650 4289 734 4343 sentit
750 4290 779 4343 in
791 4290 888 4361 Opusc.
907 4290 997 4344 52120
1014 4297 1110 4344 natura
1127 4292 1192 4350 loci:
1210 4291 1249 4345 eit
1266 4290 1353 4345 enim:
1373 4291 1404 4343 ff

308 4382 372 4429 ascet
388 4376 492 4445 aliquod
507 4377 620 4445 epatium
637 4377 708 4430 intra
724 4378 847 4431 terminos
862 4377 975 4447 coponis
991 4378 1148 4447 eminentia,
1157 4385 1254 4448 prater
1270 4377 1401 4447 mapaitu-
