3200 4984
282 358 325 419 86
607 380 651 425 ns
667 379 870 425 sussrsuma
887 378 1066 425 corrosas.
1259 358 1345 443 [cnr.
1363 376 1388 419 1.

285 540 385 609 forma
402 542 613 628 substantialis
635 542 709 608 dicit
728 543 915 629 principium
935 541 1056 607 essendi
1075 540 1257 606 substantiae
1276 536 1387 605 intrin-

287 676 389 719 secum
409 664 441 719 et
463 654 646 741 principium
669 650 780 739 agendi
799 655 839 720 ad
858 654 1037 720 extrinseca.
1082 652 1214 737 litargo
1229 650 1389 717 constitnit

287 764 501 847 substantiam,
516 766 609 831 estid
624 766 708 852 quod
722 765 776 832 dat
791 765 971 852 simpliciter
984 786 1050 831 esse
1064 764 1211 830 materioe.
1255 762 1389 827 Evidens

288 885 392 943 autem
411 885 468 959 est,
488 878 573 964 quod
594 876 772 963 simpliciter
790 898 857 943 essa
875 898 939 941 non
959 876 1105 961 importat
1128 898 1195 941 esse
1216 884 1366 961 quantum
1378 900 1391 952 ;⁴

287 1011 360 1054 nam
382 1012 448 1055 esse
469 997 621 1075 quantum
641 999 764 1054 estesse
778 1012 843 1054 mm
858 989 959 1054 addito
973 995 1005 1053 et
1022 1010 1086 1055 non
1108 986 1296 1072 simpliciter.
1342 986 1387 1049 Ut

287 1122 359 1165 cero
379 1100 478 1167 forma
498 1108 546 1167 est
564 1101 749 1186 principium
771 1101 905 1166 activum
925 1099 965 1165 ad
986 1107 1083 1179 extra,
1099 1108 1145 1165 ast
1164 1099 1303 1185 potentia
1323 1120 1389 1163 mo-

288 1211 379 1277 vendi
393 1211 453 1277 alia
465 1235 521 1298 per
534 1212 646 1279 locum.
690 1211 788 1297 Atqui
807 1211 878 1277 talis
899 1212 1038 1297 potentia
1059 1211 1145 1277 nullo
1165 1211 1257 1277 modo
1271 1210 1390 1295 indiget

288 1346 355 1389 esse
368 1325 401 1388 iu
416 1326 543 1391 materia
557 1334 683 1411 quanta,
698 1324 753 1390 sed
766 1324 871 1410 potius
885 1324 1083 1405 contrarium,
1098 1333 1135 1391 ut
1149 1324 1286 1391 dicemus
1301 1322 1389 1389 infra.

290 1436 375 1521 llrgo
389 1437 546 1523 quantitas
560 1459 624 1502 non
638 1436 774 1522 exigitur
786 1436 906 1502 rationo
920 1436 1025 1503 formoe
1040 1436 1260 1503 substantialia.

332 1548 416 1613 Addi
436 1556 548 1634 potest,
571 1548 655 1635 quod
680 1548 707 1613 si
729 1548 886 1633 quantitas
908 1561 988 1613 esset
1011 1547 1050 1615 de
1071 1548 1190 1613 ratione
1213 1547 1392 1613 substantiae

290 1659 464 1740 materialis,
484 1669 522 1724 ut
544 1660 598 1738 sic,
616 1659 719 1745 aliqua
744 1660 902 1745 quantitas
924 1659 1110 1726 extensionis
1132 1659 1239 1727 saltem
1258 1660 1392 1724 minimae

290 1792 353 1835 non
368 1783 447 1836 esset
466 1770 616 1852 accidens,
637 1771 691 1836 sed
713 1771 946 1837 constitutivum
968 1771 1148 1838 substantia
1166 1780 1203 1836 ιιι
1223 1770 1276 1837 sic.
1323 1770 1394 1839 Hoc.

289 1889 392 1945 autem
407 1890 454 1945 est
474 1891 577 1966 aperte
590 1881 713 1947 falsum.
760 1880 909 1947 Similiter
927 1882 1055 1949 minima
1074 1882 1128 1948 illa
1147 1883 1302 1968 quantitas
1320 1905 1392 1948 con·

289 1989 377 2055 tinua
405 1992 557 2077 indigeret
589 1992 844 2059 determinatione
876 1993 1002 2077 figurae3
1040 2003 1087 2059 est
1121 1994 1203 2061 enirn
1233 1994 1392 2061 essentiale

290 2102 458 2187 quantitati
471 2112 602 2169 exteusae
620 2112 652 2169 et
671 2104 766 2169 finitae
786 2102 899 2169 habere
917 2104 1068 2189 figuram
1091 2127 1164 2189 ergo
1184 2105 1277 2173 etiam
1293 2106 1392 2191 figura

291 2222 370 2278 esset
400 2215 569 2280 essentialis
598 2214 778 2281 substantiae
806 2215 975 2283 materiali:
1011 2218 1096 2302 quod
1124 2240 1187 2284 non
1218 2219 1321 2285 minua
1346 2241 1392 2283 re-

291 2334 421 2410 pugnat,
437 2350 534 2413 quum
548 2328 650 2412 figura
664 2328 705 2392 sit
720 2327 861 2393 accidens
875 2328 975 2411 magis
990 2328 1091 2397 adhuc
1105 2352 1198 2415 quam
1214 2329 1281 2415 ipsa
1294 2352 1391 2416 quan-

290 2437 373 2518 titas,
388 2460 485 2524 quum
500 2440 541 2505 sit
555 2439 695 2504 accidens
710 2439 926 2525 superveniens
941 2440 1117 2525 quantitati.

335 2549 438 2626 Quare
452 2550 697 2615 concludendum
715 2560 773 2631 est,
795 2573 860 2615 non
878 2573 943 2643 esse
963 2551 1001 2615 de
1020 2551 1138 2617 ratione
1153 2551 1306 2619 essentiali
1320 2552 1393 2617 sub-

291 2661 412 2726 stantiae
425 2660 592 2726 materialis
606 2661 717 2727 babere
731 2661 976 2727 continuitatem.

335 2772 382 2836 Ex
410 2772 563 2856 praedictis
592 2773 741 2859 sequitur,
767 2773 951 2841 sententiani
982 2773 1020 2838 de
1048 2774 1251 2841 continuitate
1276 2775 1393 2839 mathe-

291 2882 402 2947 matica
421 2884 555 2947 materia
571 2905 635 2947 non
657 2882 769 2947 habere
789 2882 913 2968 aliquod
930 2883 1167 2951 fundamentum
1188 2908 1244 2952 nec
1263 2886 1394 2972 aptiori

290 3016 347 3060 nee
362 3017 381 3058 a
394 2995 563 3079 posteriori.
583 3006 589 3014 '

296 3112 304 3127 ⁸
335 3107 434 3171 Dices.
484 3107 514 3171 A
539 3106 632 3190 priori
657 3104 778 3190 probari
802 3115 905 3191 potest
927 3106 1116 3173 continuitas
1139 3108 1291 3188 materiam
1320 3131 1393 3174 nam

292 3217 432 3303 sequitur
445 3240 481 3281 ex
495 3217 741 3303 impossibilitate
754 3218 852 3283 vacui.

337 3330 520 3415 Respondeo
538 3354 569 3395 a.
584 3338 646 3396 cat.
662 3339 691 3395 et
706 3331 772 3395 eius
786 3333 942 3395 rationem.
985 3330 1125 3398 Vacuum
1146 3332 1247 3398 existit
1268 3331 1302 3397 in
1323 3333 1393 3398 uni-

291 3465 378 3508 versa
395 3465 497 3507 rerum
519 3450 647 3508 natura:
670 3465 726 3507 nec
748 3443 995 3528 ullumprorsus
1014 3452 1062 3509 est
1083 3452 1394 3531 argumentumque

292 3554 439 3640 probetur
466 3563 608 3622 naturam
632 3555 794 3619 abhorrere
823 3576 971 3642 evacuo,
1001 3556 1085 3640 quod
1113 3578 1177 3621 uon
1206 3556 1246 3623 sit
1275 3558 1393 3643 paralo-

292 3666 448 3751 gisticum.
495 3666 557 3731 Sed
570 3667 609 3731 de
623 3666 682 3731 hoc
698 3666 811 3731 redibit
832 3688 930 3752 sermo
941 3666 984 3731 -in
1006 3667 1216 3753 sequentibus,
1234 3676 1266 3733 et
1280 3669 1394 3735 directe

292 3780 326 3844 iu
340 3787 474 3845 tractatu
488 3778 526 3843 de
541 3778 641 3845 tribus
655 3779 820 3858 continuis,
836 3800 927 3865 quem
943 3779 1020 3845 vide.

336 3896 367 3958 9.
391 3890 559 3975 Fingamus
573 3913 656 3955 nunc
670 3890 817 3975 gratuito,
832 3890 990 3956 materiam
1009 3911 1076 3955 esse
1093 3890 1307 3957 mathematice
1320 3914 1393 3958 cou-

293 4004 434 4080 tinuam;
463 4011 495 4067 et
519 4002 686 4081 videamus,
712 4002 789 4088 quid
817 4024 853 4067 ex
881 4002 939 4066 hac
969 4001 1179 4088 suppositione
1201 4024 1324 4069 necesse
1354 4007 1394 4070 sit

292 4116 447 4201 consequi.
493 4114 649 4191 Quaeritur
669 4137 743 4201 ergo
760 4122 879 4201 quartu,
901 4124 999 4179 utrum
1012 4117 1136 4180 materie
1151 4118 1288 4182 contiuuo
1296 4120 1395 4201 possit

293 4230 411 4293 actuari
430 4252 487 4312 per
508 4230 625 4293 unicum
647 4236 754 4307 actum,
777 4250 828 4292 seu
847 4250 905 4310 per
927 4230 1044 4294 unicam
1058 4228 1190 4311 formum
1214 4231 1393 4295 adstantiu-

291 4341 354 4403 lecca
