3200 4984
203 402 273 446 car.
291 381 362 467 ιιι]
573 399 691 443 ansuis
708 399 941 445 necessarum.
1263 385 1307 449 39

202 567 283 631 circa
305 564 487 631 vocabulum
516 565 621 630 formae
645 563 863 629 substantialis.
910 565 991 631 Nam
1016 565 1144 630 formam
1163 565 1305 631 substan-

201 678 305 742 tialem
324 677 496 763 promiscue
514 676 596 741 soliti
613 676 739 742 fuerunt
759 675 886 741 definire
900 678 934 741 id
945 679 1025 761 qaod
1035 678 1087 742 dat
1096 680 1228 762 primum
1245 701 1307 744 ease

203 792 332 854 amtcrioe
354 797 385 854 et
409 790 442 853 id
453 789 542 873 -quod
563 789 615 853 dat
635 789 766 872 primam
789 811 851 855 esse
872 790 934 852 rei:
964 797 996 852 et
1020 811 1084 853 non
1109 789 1307 854 adverterunt

202 901 285 987 quod
309 900 401 965 sicuti
428 923 476 965 res
500 907 532 964 et
558 901 682 963 materia
707 920 771 963 non
797 907 871 963 sunt
897 920 1067 986 synonyma
1088 899 1160 983 (nisi
1180 900 1305 986 quando

203 1021 311 1097 agatur
332 1011 542 1077 declamante
564 1008 696 1094 simplici
718 1010 751 1074 in
774 1033 837 1096 quo
858 1010 985 1077 materia
1006 1011 1105 1096 prima
1123 1012 1160 1076 fit
1181 1035 1230 1076 res
1250 1035 1305 1097 per

202 1124 357 1206 formam),
369 1123 414 1188 ita
425 1122 494 1187 duae
504 1120 564 1186 illae
576 1120 770 1186 definitiones
780 1144 845 1186 non
857 1122 1032 1206 significant
1040 1122 1122 1187 idem
1132 1123 1305 1196 definitum.

202 1236 285 1320 llrgo
299 1257 413 1299 nomen
427 1235 533 1299 formae
547 1233 759 1298 substantialis
774 1233 979 1318 accipiebatur
988 1234 1150 1320 equivoco.
1188 1235 1302 1300 Verum

202 1346 344 1431 estquod
358 1346 390 1410 in
401 1345 538 1430 ipsorum
550 1351 714 1431 systemate
726 1367 762 1408 ex
773 1345 907 1430 quodam
918 1344 982 1440 alio·
990 1345 1091 1425 effato,
1103 1345 1193 1410 idest
1213 1347 1306 1410 Unius

202 1460 245 1521 rei
259 1480 318 1521 aaa
333 1465 377 1521 est
383 1457 486 1540 forma
499 1455 712 1534 substantialis,
728 1456 901 1540 potuissent
918 1456 1164 1541 aequivoeationis
1181 1479 1304 1522 accusa-

202 1568 279 1631 tioni
293 1589 450 1632 occurrere
458 1592 468 1645 ;
495 1567 549 1631 sed
564 1566 622 1630 hoc
636 1565 739 1650 ipsum
755 1566 878 1630 effatum
895 1565 978 1651 quod
993 1567 1031 1631 de
1046 1566 1111 1632 sola
1124 1590 1158 1632 re
1172 1567 1304 1652 simplici

202 1702 307 1744 verum
323 1687 379 1756 est,
396 1675 610 1763 supponebant
624 1676 722 1741 valere
737 1677 830 1742 etiam
850 1698 906 1761 pro
923 1677 1008 1742 omni
1026 1700 1059 1742 re
1076 1677 1254 1763 composita,
1269 1701 1311 1744 eo·

202 1779 285 1875 qaod
300 1798 432 1876 quatuor
448 1789 600 1853 elementa
616 1796 762 1872 putarent
779 1811 845 1853 esse
862 1789 962 1874 prima
978 1789 1130 1855 elementa
1144 1813 1256 1870 rerum,
1274 1799 1306 1854 et

203 1925 238 1966 ea
252 1910 355 1966 essent
370 1901 470 1966 adhuc
485 1901 653 1985 composita
667 1900 773 1983 (immo
784 1900 939 1980 continua,
950 1901 1034 1965 iuxta
1044 1903 1139 1987 ipsos)
1156 1910 1188 1966 et
1202 1910 1307 1967 umen

202 2013 349 2078 haberent
361 2013 483 2077 unicam
493 2012 634 2091 formam,
648 2011 761 2076 scilicet
773 2011 821 2076 vel
832 2011 924 2097 ignis,
936 2013 983 2101 vel
997 2013 1085 2091 airis,
1098 2013 1146 2078 vel
1159 2013 1305 2098 aquaevel

202 2132 300 2188 terrae.
346 2125 450 2208 Atque
471 2123 544 2187 binc
566 2120 755 2207 cogebantur
776 2123 890 2186 formas
907 2122 1124 2206 substantiales
1143 2124 1248 2189 tollere
1266 2125 1305 2188 ab

202 2257 265 2300 una
286 2243 406 2308 natura,
423 2233 546 2318 quando
567 2235 632 2298 haec
646 2233 821 2298 vertebatur
842 2233 875 2296 in
897 2233 997 2314 aliam,
1018 2246 1055 2299 ut
1075 2234 1207 2298 formam
1227 2235 1306 2320 ligni

203 2356 323 2410 mutare
338 2346 371 2408 iu
387 2345 513 2408 formam
530 2345 623 2428 ignis,
639 2352 670 2408 et
684 2345 814 2408 formam
836 2367 922 2428 aquae
943 2345 976 2408 in
999 2345 1128 2409 formam
1151 2346 1230 2410 aeris
1249 2369 1306 2431 pro

203 2481 349 2543 vaporum
362 2457 566 2540 generatione.
605 2455 678 2536 Qui,
695 2455 799 2520 sinon
815 2443 997 2520 habuissent
1004 2455 1214 2541 praeiudicium
1229 2457 1306 2523 illud

204 2569 241 2633 de
256 2577 389 2654 quatuor
406 2568 575 2647 elementis,
597 2577 628 2631 et
645 2567 888 2632 considerassent
905 2567 1063 2632 notionem
1076 2570 1257 2649 substantia,
1274 2578 1305 2634 et

170 2729 172 2734 ,
205 2682 362 2745 notionem
377 2689 500 2758 naturae,
517 2702 582 2744 esse
598 2678 684 2743 valde
695 2679 838 2758 diversas,
849 2677 955 2744 saltem
971 2701 1027 2764 pro
1041 2679 1227 2764 compositis,
1242 2703 1306 2744 non

205 2792 353 2856 dixissent
376 2791 505 2854 formam
525 2789 757 2854 substantialem
781 2789 841 2853 nisi
861 2790 954 2870 illam,
975 2813 1037 2876 qua
1055 2790 1155 2875 posita
1176 2790 1306 2858 babetur

204 2903 378 2968 substantia
386 2912 422 2966 ut
432 2902 523 2982 sic,id
532 2911 578 2966 cst
587 2923 655 2966 cum
662 2902 691 2965 vi
701 2925 755 2965 sua
764 2901 861 2966 activa
869 2911 901 2965 et
909 2901 1069 2986 passivain
1079 2925 1111 2966 se
1120 2902 1289 2968 subsistens
1298 2931 1308 2983 ;

204 3024 236 3078 et
244 3015 393 3079 vidissent
401 3014 531 3093 facilius,
539 3036 628 3098 posse
637 3013 740 3098 plures
749 3012 898 3077 eiusmodi
908 3013 1096 3078 substantias
1105 3036 1161 3098 per
1171 3015 1306 3080 actiones

205 3134 237 3189 et
259 3123 416 3210 passiones
438 3134 563 3189 mutuas
586 3126 629 3188 ita
650 3124 827 3188 coordinare
850 3124 1033 3188 seinvicem
1059 3125 1247 3206 naturaliter,
1270 3136 1307 3191 ut

205 3236 366 3301 resultaret
378 3257 414 3300 ex
424 3236 480 3300 tali
489 3235 716 3300 coordinatione
727 3235 845 3300 stabilis
856 3236 1070 3301 determinatio
1081 3245 1112 3300 et
1123 3238 1308 3322 conspiratio

205 3349 246 3412 ad
260 3348 407 3433 quasdam
423 3349 558 3412 actiones
573 3357 604 3410 ct
618 3348 785 3432 passiones,
801 3369 870 3432 quae
884 3347 997 3434 absque
1012 3348 1067 3412 tali
1081 3348 1308 3416 coordinatione

206 3461 308 3546 locum
324 3481 387 3522 non
401 3459 592 3522 habuissent.
636 3458 932 3522 Determinationem
947 3481 1018 3522 vero
1033 3458 1211 3523 substantiae
1226 3483 1308 3525 com-

205 3572 314 3656 positae
325 3570 521 3634 intrinsecam
533 3569 572 3633 ad
584 3569 686 3633 taliter
693 3569 849 3654 agendum
860 3577 890 3634 et
901 3570 1079 3654 patiendum
1095 3571 1309 3656 cognovissent

205 3704 269 3746 non
284 3704 351 3746 esse
365 3683 494 3746 formam
517 3681 750 3745 substantialem
772 3682 897 3746 dantem
920 3705 985 3746 esse
1007 3682 1152 3767 primum,
1168 3684 1221 3749 sed
1243 3707 1308 3750 esse

206 3795 336 3858 formam
352 3792 476 3857 dantem
488 3793 657 3877 composito
668 3793 779 3857 habere
790 3793 867 3857 tales
878 3794 1077 3878 proprietates
1085 3820 1095 3872 3
1118 3805 1149 3859 et
1164 3794 1232 3859 ideo
1243 3819 1309 3861 esse

206 3906 337 3970 formam
364 3905 619 3969 determinantem
644 3914 782 3968 natarum
811 3905 991 3990 compositi,
1015 3912 1106 3990 atque
1131 3906 1199 3970 ideo
1224 3906 1309 3973 illam

208 4016 398 4081 vocavissent
419 4017 552 4100 formam
576 4016 749 4080 naturalem.
805 4016 871 4080 Nec
900 4025 976 4080 tunc
1005 4010 1162 4098 dixissent,
1188 4018 1309 4104 lignum

206 4128 347 4192 amittere
374 4150 461 4191 suam
484 4128 615 4191 formam
639 4124 861 4191 substantialem
886 4126 1010 4213 quando
1034 4127 1127 4192 fiebat
1155 4129 1247 4213 ignis,
1274 4142 1310 4196 ut

207 4240 356 4325 acciperet
378 4239 508 4322 formam
523 4239 743 4303 substantialem
765 4239 866 4322 ignis3
890 4238 1112 4323 cognoscebant
1134 4242 1216 4305 enim
1240 4244 1311 4308 sub·

208 4351 365 4416 stantialcs
389 4359 490 4436 partes
515 4349 591 4434 ligni
615 4373 737 4415 manere
760 4352 792 4414 in
816 4375 918 4415 rerum
941 4361 1060 4432 natura,
1077 4360 1107 4415 et
1129 4374 1192 4418 non
1213 4355 1312 4439 pen'ro
