3200 4984
212 353 282 397 cnr.
299 334 337 419 1.]
568 356 610 399 ou
626 356 745 399 rursus
761 355 952 400 couuruurs.
1240 335 1304 399 265

211 525 287 589 tiam
307 526 340 589 in
355 525 421 590 loco
436 525 561 611 capiunt
576 526 622 589 vel
638 535 757 591 servant
771 526 992 610 possessionem
1006 524 1099 606 illius,
1111 532 1141 589 et
1156 546 1192 589 ex
1206 547 1242 589 eo
1257 548 1306 589 er-

213 646 304 700 erunt
326 638 402 701 vires
423 659 503 701 suas.
550 637 725 723 Occupatur
740 638 832 702 etiam
847 634 999 722 locusfper
1014 644 1116 700 motus
1130 635 1308 700 vibratorios

213 749 441 829 molecularum,
468 759 503 814 ut
527 750 660 815 diximus
684 751 717 813 in
743 757 878 813 tractatu
900 751 948 812 De
965 750 1130 813 marrantia
1149 770 1306 831 corporea:

212 860 267 924 sed
281 859 319 923 de
333 861 390 925 hac
405 850 601 945 occupatione
616 860 775 947 dynamica
798 868 829 923 et
850 859 1016 939 successiva
1029 859 1080 922 hic
1098 880 1163 921 nou
1177 858 1306 942 agimus,

213 971 285 1055 quia
299 971 417 1035 etiamsi
432 971 508 1035 tales
522 981 624 1035 motur
639 994 701 1035 nou
713 972 832 1052 fierent,
847 970 946 1035 adhuc
960 970 1045 1035 locus
1056 970 1196 1055 occupari
1207 991 1309 1034 cense-

213 1091 298 1146 retur
312 1105 366 1166 per
380 1082 566 1147 ubicationes
582 1083 714 1147 staticus.
760 1083 844 1147 Hinc
858 1082 936 1146 ratio
954 1082 1089 1145 formalis
1104 1081 1310 1165 occupationis

213 1193 270 1257 loci
286 1207 332 1257 est
347 1194 506 1278 prasentia
520 1194 654 1258 materiae
669 1194 700 1257 in
722 1193 807 1257 loco:
831 1203 862 1257 et
877 1193 945 1257 ideo
960 1193 1046 1256 loeus
1067 1215 1129 1257 non
1145 1201 1309 1277 occupatur

215 1306 383 1370 secundum
395 1305 596 1391 quantitatem
606 1304 792 1384 continuam,
803 1304 856 1369 sed
866 1303 1034 1368 secundum
1045 1314 1158 1388 puncta
1168 1304 1309 1369 discreta:

214 1427 245 1481 et
259 1418 342 1481 idem
357 1418 441 1482 locus
456 1427 557 1503 potest
579 1417 677 1501 magia
691 1417 738 1482 vel
758 1417 862 1481 minus
882 1417 1032 1501 occupari,
1047 1425 1138 1500 prout
1151 1416 1248 1480 maior
1261 1415 1309 1480 vel

214 1528 315 1592 minor
330 1528 550 1592 elementorum
565 1549 712 1591 numerus
727 1528 758 1590 in
774 1550 810 1591 eo
825 1528 1008 1592 continetur.

261 1640 463 1703 corollarium.
488 1638 575 1703 Idem
584 1639 670 1703 locus
681 1647 783 1723 potest
795 1660 813 1701 a
827 1637 965 1723 pluribus
975 1637 1150 1722 corporibus
1162 1637 1311 1721 occupari,

216 1751 321 1816 saltem
339 1750 616 1835 supernaturaliter.
648 1750 730 1813 Nam
739 1772 865 1835 corpora
875 1772 936 1814 non
952 1750 1082 1835 implent
1097 1750 1207 1828 locum,
1220 1772 1312 1834 quem
1339 1837 1341 1840 Ι

216 1871 375 1947 occupant,
400 1861 453 1925 sed
479 1862 656 1946 relinquunt
678 1860 831 1924 infinitam
846 1860 1051 1926 ubioationum
1068 1860 1310 1945 possibilitatem.

216 1973 309 2051 Quod
322 1996 392 2037 vero
410 1974 520 2037 attinet
534 1972 574 2037 ad
588 1946 738 2037 actionem
753 1973 888 2058 corporis
909 1973 995 2057 prius
1009 1974 1186 2057 occupantis
1200 1973 1311 2054 locum,

215 2108 283 2170 quae
299 2085 475 2150 naturaliter
489 2084 617 2169 impedit
626 2085 684 2149 alia
693 2106 819 2169 corpora
829 2107 869 2148 ne
881 2084 1023 2148 eumdem
1036 2084 1136 2149 locum
1152 2093 1311 2169 occupent,

216 2220 250 2260 ea
264 2205 364 2281 potest
380 2196 650 2281 supernaturaliter
663 2196 775 2281 privari
791 2218 846 2259 suo
861 2196 980 2260 effectu.

260 2311 312 2372 24.
337 2306 492 2384 Quaeritur
507 2293 696 2388 duodecimo,
710 2316 810 2372 utrum
825 2309 904 2373 lotus
918 2309 1023 2373 limitet
1037 2310 1174 2373 hactum.

261 2419 444 2504 Respondeo
470 2419 627 2504 negative3
659 2442 731 2483 nam
755 2419 858 2504 potius
880 2419 964 2483 locus
992 2420 1141 2484 limitatur
1163 2444 1182 2485 a
1203 2420 1312 2500 locato,

218 2554 313 2616 quum
329 2553 391 2595 nou
407 2530 612 2615 concipiamus
634 2530 745 2611 locum,
766 2532 828 2595 nisi
847 2541 883 2595 ut
906 2531 1141 2597 determinatum
1163 2532 1312 2597 limitibus

219 2644 352 2727 corporis
377 2643 410 2706 in
434 2664 470 2706 eo
499 2642 664 2707 existentis.
722 2643 807 2727 Ergo
836 2664 946 2728 corpus
973 2642 1103 2708 locatum
1131 2643 1312 2708 determinat

216 2755 332 2819 limites
354 2754 413 2818 loci
433 2754 490 2833 sui,
512 2763 543 2817 et
564 2753 616 2818 dat
638 2753 683 2817 illi
704 2753 771 2819 loco
789 2776 855 2818 ease
876 2753 968 2818 talem
990 2754 1100 2832 locum,
1116 2756 1313 2840 inquantum

218 2866 306 2945 actio,
330 2888 421 2950 quam
444 2887 552 2949 corpus
574 2874 691 2929 exercet
712 2864 745 2928 in
768 2888 875 2930 sensus
897 2875 1017 2930 nostros
1031 2889 1067 2930 ex
1087 2867 1151 2931 suis
1172 2868 1313 2933 extremis

218 2978 385 3056 elementia,
408 2976 520 3061 quibus
542 2976 677 3061 undique
699 2976 860 3058 limitatur,
881 2986 953 3063 apta
970 2988 1016 3042 est
1031 2979 1070 3043 ad
1084 2978 1313 3064 producendum

218 3090 401 3174 phantasma
414 3088 496 3152 illius
510 3088 641 3171 figuram
655 3088 688 3151 in
704 3089 803 3173 spatio
824 3089 1054 3155 determinatam
1075 3101 1313 3176 representans:

219 3223 287 3285 quae
301 3201 399 3285 figura
414 3199 563 3263 sensibilis
578 3208 624 3263 est
638 3200 726 3279 limes
740 3200 810 3279 loci,
825 3209 856 3265 et
870 3202 935 3266 eiua
948 3202 1054 3266 forma.

262 3315 316 3376 25.
340 3311 496 3388 Quaeritur
512 3310 729 3391 decimotertio,
745 3321 844 3376 utram
863 3313 939 3376 idem
959 3336 1076 3378 nomem
1098 3336 1202 3399 eorpus
1216 3317 1315 3398 possit

219 3448 281 3489 esee
295 3427 326 3488 ia
340 3426 450 3501 duodus
465 3431 516 3487 out
524 3424 662 3506 pluribus
676 3424 747 3488 locis
761 3425 858 3487 eodem
873 3434 1009 3509 tempore.

263 3536 349 3599 Licet
364 3534 491 3620 quaestio
506 3534 546 3598 sit
561 3534 647 3598 valde
662 3533 801 3613 difficilis,
818 3535 946 3599 obscura
966 3544 997 3600 et
1012 3535 1231 3601 obiectionibus
1245 3536 1315 3621 plu·

220 3648 305 3712 rimis
320 3648 464 3732 exposita,
479 3647 646 3731 respondeo
665 3655 770 3711 tamen
793 3648 979 3727 affirmative,
1001 3671 1056 3733 per
1069 3648 1218 3712 actionem
1233 3650 1315 3713 vide-

221 3760 292 3824 licet
306 3758 365 3821 Dei
378 3756 606 3841 omnipotentis.
651 3757 732 3820 Nam
748 3766 784 3821 ut
803 3758 862 3822 hoc
883 3759 946 3837 fiat,
968 3758 1002 3823 id
1021 3760 1120 3823 solum
1142 3760 1315 3846 requiritur,

222 3879 258 3935 ut
273 3870 336 3934 sola
350 3868 482 3933 ubicatio
497 3868 686 3953 duplicetur:
710 3869 794 3953 atqui
809 3878 911 3953 potest
926 3869 993 3935 haec
1008 3870 1144 3935 absolute
1159 3871 1317 3955 duplicari,

221 4006 286 4047 non
301 3981 455 4067 duplicato
471 4002 603 4064 corpore.
649 3981 732 4065 Ergo
753 3980 835 4044 idem
856 4003 983 4045 numero
1005 4005 1113 4067 corpus
1135 3992 1318 4067 potestesse

220 4095 256 4158 in
271 4092 389 4157 duobus
404 4090 486 4155 locis.
532 4091 574 4154 Et
588 4091 687 4155 minor
704 4092 747 4155 sic
761 4091 904 4155 declarari
919 4101 1029 4177 potest.
1073 4093 1236 4178 Duplicare
1250 4095 1319 4159 ubi-

221 4206 371 4271 cationem
390 4212 436 4267 est
453 4204 578 4282 efficere,
594 4214 630 4266 ut
644 4202 677 4266 id
689 4204 771 4288 quod
786 4213 832 4267 est
847 4227 979 4289 praesens
994 4205 1103 4270 divinae
1121 4205 1320 4270 immensitati

223 4318 392 4383 secundum
415 4314 560 4399 quasdam
584 4313 648 4379 eius
670 4315 880 4398 virtualitates,
904 4317 1029 4401 incipiat
1043 4317 1089 4382 illi
1102 4340 1167 4383 esse
1187 4340 1319 4403 praeseus
