3200 4984
202 422 274 464 cnr.
293 402 332 485 1.]
528 424 570 465 oa
587 423 786 467 suusrsrvrrn
810 422 990 467 corrosus.
1262 405 1306 467 97

245 586 295 650 Ad
325 586 485 671 paritatem
516 590 683 674 respondeo
712 589 935 674 distiayaeado:
959 587 1103 671 Tempus,
1127 586 1198 651 licet
1227 586 1304 651 nibil

201 696 312 761 habeat
335 721 478 782 praesens,
499 700 560 764 nisi
583 701 702 764 instans
726 700 919 779 indivisibile,
934 708 1038 764 tamen
1065 698 1189 763 fluendo
1211 697 1303 762 habet

201 812 418 890 extensionem,
433 811 465 876 id
480 821 536 889 est,
556 823 657 877 motus
672 812 816 877 instantis
831 813 904 876 facit
925 811 1133 877 extensionem
1156 812 1302 895 temporis

200 945 291 1001 eorm,
306 922 400 987 idest
416 924 534 988 instans
550 947 602 1009 per
618 936 736 989 motum
751 926 786 988 fit
802 936 971 1003 extensum,
982 946 1062 1008 neffo.

246 1035 393 1099 Similiter
407 1045 556 1120 punctum
572 1037 764 1116 indivisibile,
781 1037 807 1101 si
830 1046 997 1114 moveatur,
1014 1034 1157 1099 describit
1179 1034 1301 1111 lineam,

200 1146 244 1211 ita
253 1156 368 1227 tamen,
380 1157 416 1212 ut
431 1158 551 1213 maneat
563 1149 746 1214 indivisibile
755 1149 847 1213 etiam
864 1149 897 1213 in
912 1170 968 1212 suo
987 1156 1082 1226 motu,
1098 1170 1179 1212 conc.
1198 1147 1250 1225 ita,
1266 1157 1302 1210 ut

200 1279 255 1342 per
269 1267 389 1323 motum
403 1259 457 1323 liat
471 1259 551 1324 linea
565 1260 612 1323 vel
627 1283 697 1345 pars
712 1259 946 1345 proportionalis
961 1259 1058 1339 lineae,
1075 1282 1156 1345 περι).

243 1369 355 1433 Existit
378 1370 556 1455 simpliciter
581 1372 694 1456 paritas
719 1371 801 1435 inter
827 1372 944 1438 fluxum
968 1370 1115 1455 temporis
1135 1378 1165 1435 et
1184 1370 1300 1434 fluxum

201 1482 309 1565 puncti
341 1490 509 1547 contactus.
555 1483 637 1547 Nam
666 1483 746 1547 sicut
779 1484 879 1548 fluxus
913 1484 1057 1567 temporis
1086 1490 1148 1550 non
1179 1490 1225 1545 est
1255 1502 1303 1543 res

201 1593 373 1679 materialis,
398 1594 451 1659 sed
488 1595 593 1659 relatio
627 1605 768 1659 motuum
801 1594 1048 1673 successivorum,
1078 1595 1132 1679 qui
1169 1601 1242 1659 sunt
1269 1593 1300 1654 in

202 1706 301 1785 rebus,
316 1705 360 1771 ita
376 1707 467 1770 etiam
494 1706 557 1792 ipse
580 1707 680 1771 fluxus
705 1707 814 1792 puncti
837 1707 993 1792 tangentis
1017 1716 1143 1771 nonest
1167 1728 1224 1783 res,
1250 1704 1303 1767 sed
1366 1776 1368 1781 ,

200 1817 306 1881 relatio
344 1827 540 1882 contactuum
578 1818 703 1883 realium
741 1820 987 1884 successivorum.
1065 1818 1152 1883 Nihil
1199 1828 1302 1881 tamen

201 1928 339 2013 sequitur
353 1950 389 1991 cx
403 1927 461 1992 hac
474 1928 613 2013 paritate.
659 1929 741 1993 Nam
758 1929 837 1993 sicut
852 1939 940 1994 actus
954 1928 1079 2007 fluendi,
1096 1950 1157 2014 quo
1176 1936 1301 2011 tempus

199 2039 311 2104 dicitur
335 2040 437 2119 fluere,
455 2039 549 2105 habet
573 2051 644 2105 actu
669 2042 789 2105 realiter
810 2042 935 2106 unicum
960 2064 1036 2104 nunc
1050 2038 1244 2119 indivisibile,
1259 2039 1302 2101 ita

200 2160 286 2215 actus
308 2153 433 2231 fluendi,
449 2175 510 2238 quo
534 2163 693 2218 contactus
717 2154 829 2218 dicitur
848 2155 951 2231 fluere,
969 2153 1070 2237 tangit
1089 2153 1208 2217 realiter
1228 2164 1297 2215 actu

200 2264 325 2328 unicum
351 2277 512 2349 punctum.
558 2266 644 2330 Sicut
670 2289 743 2350 ergo
769 2267 895 2331 unicum
919 2289 995 2329 nunc
1020 2287 1074 2349 per
1097 2265 1213 2329 fluxum
1240 2287 1301 2327 non

201 2378 449 2461 proportionetur
466 2378 520 2441 uni
540 2376 632 2456 horae,
648 2401 704 2442 nec
724 2381 759 2442 fit
774 2390 905 2463 tempus,
921 2377 973 2441 scd
989 2376 1079 2440 efficit
1095 2384 1236 2459 tempus;
1260 2376 1302 2438 ita

200 2490 326 2553 unicum
348 2501 500 2574 punctum
523 2512 576 2573 per
599 2502 774 2554 contactum
796 2490 942 2554 fluentem
966 2511 1028 2553 non
1055 2488 1303 2573 proportionetur

201 2601 256 2664 uni
270 2600 368 2680 lineae,
384 2624 441 2666 nec
456 2602 491 2665 rit
505 2601 595 2683 linea,
612 2603 665 2667 sed
680 2604 770 2668 efficit
786 2625 841 2667 scu
855 2604 957 2687 signat
972 2602 1094 2666 lineam.

244 2712 386 2797 Insuper,
412 2723 446 2777 ut
462 2714 635 2778 Goudinius
660 2714 775 2799 aliquid
801 2714 952 2799 probaret,
980 2713 1108 2777 debebat
1133 2709 1302 2786 ostendere,

201 2846 265 2888 non
287 2824 387 2888 solum
407 2826 491 2910 quod
511 2825 592 2889 linea
611 2826 709 2890 oritur
728 2848 765 2889 ex
784 2827 872 2890 fluxu
893 2826 1010 2911 puncti,
1026 2825 1105 2889 sicut
1125 2835 1247 2907 tempus
1268 2844 1304 2885 ex

201 2936 285 3000 fluxu
306 2936 450 3001 instantis
469 2936 672 3016 indivisibilis,
688 2938 770 3021 quod
790 2960 896 3001 omnes
918 2937 1105 3014 admittunt3
1129 2934 1183 2999 sed
1203 2933 1303 3018 posito

199 3048 259 3112 hoc
274 3048 490 3129 ¹fundamento,
507 3049 636 3114 debebat
659 3048 836 3114 subsumere
852 3050 914 3115 sic:
939 3052 1035 3133 Atqui
1044 3050 1150 3130 flocus
1163 3048 1304 3109 instantia

193 3160 236 3244 fit
244 3183 302 3243 per
316 3170 422 3245 portes
443 3164 590 3246 temporis,
606 3172 636 3225 et
657 3184 715 3224 aon
731 3184 787 3244 per
811 3164 952 3226 instantio
974 3163 1031 3225 sibi
1053 3160 1216 3224 immediate
1238 3181 1302 3221 auc-

201 3274 353 3351 cedentie;
376 3296 443 3357 erqo
459 3276 548 3338 etiam
564 3274 670 3354 fiscus
686 3276 793 3356 puncti
809 3274 850 3357 fit
862 3297 919 3356 per
928 3282 1032 3357 portes
1047 3273 1186 3349 continui,
1203 3278 1231 3334 et
1246 3292 1304 3331 noc

194 3406 252 3467 per
260 3393 375 3467 puncto
388 3386 446 3447 eibi
459 3385 622 3448 immediate
636 3386 827 3449 succedentia.
874 3384 944 3468 Ipse
959 3406 1028 3449 vero
1045 3384 1192 3446 minorem
1209 3380 1302 3443 huius

201 3494 380 3580 syllogismi,
401 3518 469 3581 quae
491 3477 567 3559 falsa
589 3506 645 3574 est,
667 3504 790 3559 coactus
813 3503 859 3559 est
882 3495 1083 3559 dissimulare.
1131 3494 1213 3557 Hinc
1236 3502 1301 3554 tota

200 3608 267 3671 eius
281 3608 506 3691 argumentatio
520 3608 594 3672 ruit.

245 3717 408 3798 ceterum,
423 3719 547 3805 quando
563 3718 735 3783 Goudinius
757 3718 840 3798 dicit,
856 3728 978 3803 tempus
1000 3718 1079 3781 nihil
1096 3716 1207 3781 habere
1223 3738 1300 3799 prae-

201 3850 283 3909 sens,
308 3830 367 3893 nisi
396 3830 515 3894 instans
545 3830 737 3912 indivisibile,
761 3853 824 3894 non
854 3840 934 3894 recte
963 3829 1117 3914 loquitur3
1147 3827 1219 3912 quia
1248 3848 1302 3909 per

200 3942 319 4004 instans
338 3941 523 4005 indivisibile
541 3964 603 4005 non
627 3941 760 4006 salvatur
775 3942 852 4005 ratio
867 3941 1022 4025 temporis.
1071 3939 1131 4003 Sed
1147 3937 1301 4000 debuisset

200 4052 303 4135 potius
326 4051 442 4116 dicere:
466 4052 591 4116 Nullum
613 4063 657 4115 est
672 4075 803 4136 praesmr
825 4058 946 4136 temtans,
962 4054 1032 4135 quio
1047 4072 1104 4113 noa
1119 4058 1162 4113 eat
1171 4070 1300 4132 praesens

127 4228 130 4233 ,
200 4164 260 4225 aiei
273 4166 388 4226 instans
402 4162 586 4228 indivisibile.
634 4163 780 4227 Similiter
795 4164 919 4249 quando
934 4163 1017 4241 dicit,
1033 4170 1155 4245 tempus
1177 4158 1301 4223 fluendo

200 4273 310 4337 babere
332 4276 549 4354 extensionem,
572 4275 723 4360 aequivoce
737 4276 906 4347 confundit
936 4284 1058 4360 ternpus
1080 4295 1149 4337 cum
1173 4271 1303 4334 instanti

199 4384 387 4449 indivisibili.
433 4387 526 4465 Nam,
551 4386 635 4451 iuxta
665 4410 751 4450 suam
782 4388 1087 4471 argumentationem,
1112 4383 1190 4447 illud
1218 4382 1301 4467 quod

1105 4514 1130 4559 Η
