3200 4984
284 364 326 426 22
717 387 760 429 nu
777 385 963 429 rurucrrrrs
1240 368 1328 452 [cnr.
1346 387 1388 430 11.

288 547 403 634 species
418 547 551 615 divorum
566 550 731 616 formarum
747 552 793 617 vel
809 561 934 618 actuum
953 552 1214 619 substantialium.
1259 555 1392 638 Agendo

289 682 363 744 ergo
387 660 426 726 de
447 669 557 726 natura
578 661 765 747 iuorguuica,
780 687 811 730 v.
828 687 877 749 gr.
893 664 931 731 de
948 664 1101 732 elemento
1115 666 1275 746 materiali,
1290 666 1394 730 dicere

290 772 373 857 quod
395 771 435 838 sit
459 774 578 856 quidam
599 782 692 853 actus,
711 782 758 840 θεῖ
782 775 881 840 dicere
902 775 968 840 eius
989 798 1089 861 genus
1117 784 1261 842 tantum:
1291 776 1393 841 dicere

289 892 392 948 autem
417 885 500 969 quod
525 885 575 950 bic
601 894 688 950 actus
714 886 754 950 sit
772 910 851 971 prere
872 889 1046 967 materialis,
1061 896 1108 952 est
1130 886 1243 954 addere
1258 888 1305 952 illi
1331 888 1392 952 dil-

290 995 460 1076 ferentiam,
484 1019 544 1081 qua
573 997 771 1062 constituitur
795 998 829 1061 in
851 1021 907 1064 sua
928 998 1037 1082 specie.
1081 997 1266 1062 Differentia
1287 1006 1392 1062 antem

291 1107 357 1175 baec
372 1115 419 1172 est
445 1107 595 1191 negativa,
608 1108 681 1193 quia
694 1130 758 1173 non
773 1109 914 1193 exprimit
928 1108 1145 1194 perfectionem
1159 1109 1294 1194 aliquam
1308 1109 1395 1174 illius

292 1226 387 1296 actus,
404 1217 456 1282 sed
478 1218 544 1283 eius
567 1217 826 1303 imperfectionem
848 1219 941 1284 relate
964 1219 1003 1285 ad
1024 1220 1099 1284 alios
1121 1228 1208 1284 actus
1230 1220 1311 1286 hanc
1333 1221 1392 1285 dif-

292 1328 451 1392 ferentiam
481 1350 545 1392 nou
573 1329 785 1413 importantes.
830 1329 922 1396 Ratio
944 1351 1014 1396 vero
1043 1352 1098 1396 cur
1127 1330 1299 1396 differentia
1327 1331 1395 1394 luaec

292 1438 401 1505 debeat
416 1462 481 1506 esse
493 1439 643 1524 negativa,
654 1439 779 1512 evidens,
790 1447 847 1505 est.
879 1439 984 1516 Quum
994 1440 1078 1507 enim
1087 1439 1260 1506 substantia
1268 1441 1395 1504 materi-

292 1550 349 1616 alis
364 1551 403 1615 sit
418 1551 524 1616 infima
537 1551 571 1615 in
587 1551 686 1636 specie
701 1550 954 1630 substantiarum,
968 1573 1091 1616 necesse
1106 1559 1162 1631 est,
1172 1558 1208 1616 ut
1223 1552 1290 1616 eius
1305 1559 1396 1616 actus

294 1663 334 1726 sit
349 1663 473 1740 infimus
488 1663 521 1727 in
537 1661 694 1747 speciebus
706 1671 830 1726 actuum
840 1661 1098 1730 substantialium
1130 1663 1279 1726 Infimum
1289 1672 1394 1727 autern

293 1795 355 1837 non
379 1773 515 1837 continet
537 1773 618 1838 infra
640 1795 672 1839 se
694 1773 827 1858 aliquem
850 1773 944 1837 alium
967 1781 1080 1852 actum,
1096 1796 1151 1859 per
1168 1796 1272 1858 quem,
1288 1775 1396 1838 addito

293 1883 392 1967 gradu
406 1883 602 1968 perfectionis
617 1906 679 1947 uno
694 1883 741 1948 vel
757 1883 862 1963 altero,
877 1883 1018 1969 explicari
1037 1886 1155 1969 possit:
1177 1907 1213 1949 eo
1226 1885 1299 1970 ipso
1310 1886 1395 1950 enim

293 1994 376 2078 quod
399 2002 444 2058 est
467 1993 609 2058 infimum
630 1993 724 2061 habet
746 1995 849 2060 omnia
870 2017 963 2079 supra
978 2017 1020 2075 se,
1034 2003 1067 2059 ct
1081 1996 1161 2060 nihil
1175 1997 1257 2061 infra
1271 2020 1314 2062 se.
1362 1999 1397 2062 Si

293 2127 367 2188 ergo
383 2104 491 2170 debeat
505 2104 658 2189 explicari,
674 2104 874 2190 explicabitur
888 2107 1057 2170 necessario
1071 2130 1126 2193 per
1139 2108 1227 2188 illud,
1243 2109 1328 2195 quod
1347 2118 1398 2174 θεῖ

295 2240 386 2301 supra
409 2240 452 2296 se,
468 2215 657 2282 excludendo
678 2217 711 2280 id
734 2217 773 2280 ab
794 2217 884 2300 ipso:
905 2216 952 2280 vel
974 2217 1174 2302 explicabitur
1190 2242 1246 2304 per
1259 2243 1319 2284 non
1332 2243 1397 2300 cras,

294 2328 376 2413 quod
388 2327 487 2394 solum
500 2327 591 2392 habet
606 2327 686 2391 infra
697 2350 747 2405 se3
770 2335 801 2390 et
817 2327 859 2391 sic
874 2349 994 2411 semper
1008 2328 1179 2393 differentia
1192 2329 1276 2394 hunc
1290 2340 1397 2395 actum

294 2441 470 2525 specificans
499 2440 557 2505 erit
586 2439 736 2532 negativa.
780 2437 865 2521 Ergo
895 2437 1015 2502 definiri
1037 2439 1146 2523 nequit
1171 2440 1295 2523 praecise
1322 2442 1398 2506 sub-

295 2553 407 2616 stantia
422 2549 595 2629 materialis,
611 2549 672 2613 nisi
686 2547 872 2614 includendo
886 2547 920 2611 iu
934 2548 1000 2612 eius
1015 2548 1192 2614 definitione
1207 2574 1261 2614 ens
1279 2561 1312 2616 et
1331 2575 1398 2617 non

295 2686 358 2742 ens,
374 2664 407 2726 in
430 2685 522 2728 sensu
544 2684 636 2746 supra
658 2661 749 2725 dicto.
796 2659 896 2724 Simili
917 2658 1019 2738 mode,
1035 2661 1109 2744 quia
1121 2660 1249 2726 brutum
1263 2671 1311 2726 est
1321 2663 1397 2727 ulti-

295 2795 381 2836 mum
407 2781 438 2836 et
464 2772 605 2836 intimum
634 2771 714 2835 inter
743 2770 826 2834 entia
855 2769 1008 2848 sensitiva,
1034 2779 1134 2854 potest
1164 2781 1246 2837 recte
1275 2773 1399 2840 definiri

295 2885 407 2948 animal
422 2883 594 2948 irrationale
615 2903 670 2964 per
692 2880 896 2944 differentiam
918 2881 1100 2963 negativam.
1145 2882 1188 2946 Et
1209 2892 1295 2968 patet
1317 2887 1400 2951 hanc

296 2993 497 3058 differentiam
521 3015 583 3056 non
607 2991 705 3056 dicere
727 2991 897 3069 entitatem,
920 2991 974 3054 sed
995 2992 1218 3057 restrictionem
1247 2997 1399 3077 sublatis,

297 3127 365 3191 quae
390 3104 482 3172 bruto
505 3103 674 3168 essentialis
698 3112 752 3168 est.
800 3101 883 3166 Hinc
906 3101 1035 3166 obiectio
1057 3105 1232 3186 praecedens
1257 3106 1294 3168 fit
1319 3129 1402 3190 pura

297 3216 424 3303 quaestio
440 3216 477 3281 de
493 3214 627 3278 nomine.

340 3331 394 3392 30.
416 3329 555 3391 Instabis.
582 3325 614 3390 si
630 3332 715 3389 actus
731 3333 777 3388 est
791 3347 889 3408 genus
905 3331 935 3387 et
947 3324 1073 3388 materia
1084 3326 1171 3389 affert
1182 3316 1399 3408 differentium,

298 3437 451 3522 quomodo
466 3459 539 3521 ergo
559 3436 669 3499 docent
690 3458 796 3500 ornnes
814 3434 971 3498 materiam
986 3436 1146 3500 assimilari
1161 3439 1276 3520 generi,
1290 3450 1322 3505 et
1337 3443 1401 3506 lor-

298 3570 380 3612 mam
396 3547 583 3624 differentiae,
600 3546 694 3608 itaut
709 3568 757 3608 res
773 3544 963 3628 specificatur
977 3568 995 3607 a
1010 3567 1065 3608 sua
1080 3547 1201 3612 forma?

266 3721 272 3733 ,
342 3659 534 3743 Respondeo,
558 3656 616 3720 hoc
639 3679 744 3721 verum
773 3677 839 3718 esse
868 3654 907 3717 de
935 3655 1078 3720 omnibus
1108 3660 1266 3742 speciebus
1296 3685 1402 3730 rerum

298 3769 518 3834 resultantibus
544 3790 580 3830 ex
603 3767 730 3850 physica
752 3772 783 3828 et
809 3764 882 3827 reali
905 3767 1132 3849 compositione,
1148 3793 1212 3833 non
1237 3782 1341 3838 autem
1363 3777 1423 3841 de-

300 3881 456 3966 speciebus
472 3879 585 3942 infimis
600 3886 631 3940 et
646 3874 808 3960 primitivis
822 3874 1044 3940 resultantibus
1058 3901 1093 3940 ex
1109 3883 1236 3946 materia
1251 3893 1282 3947 et
1302 3887 1405 3953 forma

301 3991 496 4056 substantiali
512 3990 604 4053 dante
619 3987 752 4071 primum
768 4008 833 4050 esse
856 3987 1005 4051 materiae:
1029 3989 1101 4072 quia
1123 3990 1157 4054 in
1179 3993 1228 4057 bis
1242 4003 1309 4060 tota
1323 4000 1404 4064 ratio

300 4103 437 4168 entitatis
452 4111 482 4165 et
498 4097 691 4184 perfectionis
706 4096 799 4160 estin
814 4096 919 4174 forma,
935 4095 968 4159 in
984 4100 1110 4162 materia
1124 4124 1204 4179 ver-0,
1220 4116 1315 4187 prout
1329 4130 1405 4172 con.

300 4207 550 4294 tradistinguitur
565 4233 582 4272 a
600 4209 706 4284 forma,
723 4215 770 4269 est
784 4229 879 4290 purus
902 4207 1038 4271 defectus
1060 4212 1208 4292 entitatis,
1224 4217 1279 4298 qui
1294 4222 1405 4306 nequit

300 4323 406 4387 baberi
420 4343 481 4404 pro
491 4341 610 4402 genere,
622 4340 719 4401 quum
734 4339 791 4379 non
807 4339 856 4379 cns
871 4338 933 4379 non
949 4318 988 4380 sit
1004 4319 1182 4384 coarctabile
1198 4347 1253 4407 per
1268 4326 1405 4406 aliquam
