3200 4984
220 395 292 441 car.
309 376 363 459 m]
529 398 571 440 nr
588 396 789 441 sunsuaurm
804 396 985 441 conronnn.
1259 380 1322 443 177

216 575 406 650 receptarum
420 568 453 631 in
469 568 600 653 singulis
614 568 781 646 elementis,
791 579 822 632 et
834 577 979 632 mutuum
990 589 1094 631 eorum
1108 574 1226 629 motum
1237 576 1319 630 certa

214 677 410 742 connexionis
424 701 460 743 ae
475 679 686 765 dependentia
700 680 767 763 lege
782 679 1064 745 determinantium.

260 790 394 855 Additur
409 802 510 856 autem
526 792 609 877 quod
623 793 693 857 talis
709 801 813 857 motus
827 792 868 856 sit
882 794 1077 857 sectator-ins
1091 794 1169 855 inter
1182 800 1321 874 uacuatos

215 903 354 967 terniaco
375 903 422 967 vel
439 904 561 969 limites.
607 904 697 968 Ratio
715 912 772 983 est,
787 904 859 989 quia
874 903 934 968 iam
956 903 1089 967 vidimus
1103 903 1237 966 actiones
1250 924 1319 965 mu·

213 1024 284 1077 tuas
313 1023 344 1077 et
373 1016 533 1080 continuas
565 1016 785 1081 elementorum
816 1039 939 1081 causare
970 1024 1074 1080 motus
1110 1014 1317 1079 oscillatorios.

215 1125 348 1189 Possunt
363 1136 466 1191 autem
482 1127 645 1214 aliquando
661 1128 866 1193 oscillationes
887 1150 949 1192 non
965 1127 1030 1192 fieri
1044 1126 1168 1212 praecise
1182 1126 1216 1190 in
1237 1125 1317 1188 linea

214 1248 308 1316 reeta,
332 1238 385 1302 sed
406 1238 446 1303 ad
467 1239 594 1305 modum
620 1240 730 1304 orbitae
756 1239 917 1305 cuiusdam
942 1238 1095 1324 ellipticae,
1120 1238 1207 1301 linere
1229 1247 1318 1301 rectae

217 1348 304 1414 valde
319 1350 459 1431 similem,
474 1360 505 1415 et
519 1351 578 1416 hoc
593 1361 717 1437 propter
732 1351 1036 1417 actiones‘moleculae
1050 1360 1217 1415 extraneas.

260 1459 397 1525 Additur
412 1462 503 1526 etiam
518 1465 597 1531 eirca
619 1464 694 1526 iden
708 1467 849 1543 cestriam
865 1463 938 1548 quia
951 1463 984 1527 id
999 1462 1093 1546 erigit
1107 1460 1210 1525 unitas
1223 1459 1318 1524 mole·

214 1571 313 1649 eulae3
337 1594 423 1636 secus
437 1572 623 1638 haberentur
638 1582 684 1638 tot
700 1582 874 1660 systemate,
890 1581 966 1659 quot
980 1582 1092 1638 centra

261 1681 397 1747 Tandem
412 1682 537 1748 additur
550 1684 634 1769 quod
655 1694 758 1749 motus
772 1686 831 1749 iste
847 1687 889 1748 sit
903 1686 938 1748 de
951 1707 984 1749 aa
991 1689 1191 1768 peramans.
1237 1681 1319 1745 Nam
1416 1681 1420 1687 ’

219 1793 365 1857 molecula
380 1802 426 1858 est
441 1817 510 1880 pars
532 1794 712 1860 substantiae
727 1792 877 1881 corporeis
892 1795 930 1858 de
944 1817 977 1858 se
990 1793 1197 1880 permanentis
1210 1793 1244 1857 in
1264 1814 1319 1856 sua

217 1914 345 1970 natura:
367 1929 440 1991 crgo
460 1906 553 1971 habet
576 1909 818 1992 permanentiam
840 1908 873 1971 in
899 1930 934 1971 ea
957 1906 1056 1992 specie
1084 1905 1318 1981 oscillationum,

218 2039 379 2102 perquam
395 2018 615 2083 determinatur
630 2028 660 2083 et
675 2019 873 2083 constituitur
886 2017 967 2082 talis.

260 2131 312 2192 81.
338 2128 382 2193 nx
407 2129 497 2194 dictis
523 2130 660 2216 sequitur
682 2130 766 2215 quod
791 2133 824 2193 1⁰
848 2129 882 2193 in
901 2127 1036 2215 qualibet
1058 2127 1207 2193 molecula
1229 2148 1319 2192 causa

216 2240 383 2304 materialis
395 2250 443 2305 est
464 2241 639 2325 complexus
654 2241 719 2326 ipse
741 2241 972 2319 elementorum,
987 2248 1023 2303 ut
1037 2239 1249 2324 recipientium
1264 2237 1317 2301 de-

217 2352 461 2416 terminationem
472 2352 621 2417 admotus
630 2352 828 2418 oscillatorios
840 2352 1018 2437 periodicos.
1041 2353 1076 2416 2⁰
1086 2351 1320 2433 Causaffciens

216 2471 265 2527 est
279 2462 453 2547 complexus
468 2464 623 2529 actionum
634 2460 853 2549 prodeuntium
868 2486 905 2527 ex
919 2463 1050 2547 singulis
1064 2462 1221 2527 elementis
1236 2482 1318 2525 com·

218 2575 403 2659 ponentibus
425 2575 464 2640 ad
479 2576 610 2660 singula.
656 2578 691 2640 3⁰
706 2575 807 2640 Causa
820 2576 961 2661 semotis
982 2583 1029 2639 est
1051 2584 1137 2639 actus
1150 2573 1198 2638 vel
1219 2573 1318 2637 deter-

218 2687 345 2752 minatio
367 2696 487 2773 reeepta
504 2689 536 2752 in
558 2688 687 2771 singulis
708 2687 867 2753 elementis
887 2686 926 2751 ad
945 2686 1127 2751 vibrationes
1144 2691 1319 2749 constantes

218 2799 352 2863 minimae
374 2799 583 2885 amplitudinis
605 2798 767 2879 faciendas,
787 2821 918 2883 quarum
940 2819 997 2882 ope
1023 2796 1144 2881 singula
1168 2795 1319 2859 elementa

217 2912 334 2975 caeteris
349 2921 589 2977 connectuntur:
613 2912 677 2977 haec
692 2921 795 2977 autem
811 2910 1024 2975 determinatio
1036 2908 1110 2973 dicit
1120 2907 1318 2971 resultantem

217 3022 372 3087 actionum
395 3032 585 3107 receptarum
611 3022 645 3086 in
671 3022 800 3107 singulis
826 3021 995 3100 elementis,
1018 3020 1064 3084 vel
1083 3019 1192 3084 melius
1215 3026 1317 3082 actum

217 3132 342 3199 dantem
362 3135 492 3219 singulis
516 3134 672 3200 elementis
693 3156 760 3201 esse
780 3133 838 3221 sub
861 3133 915 3197 tali
937 3132 1114 3197 resultante.
1158 3134 1194 3193 4⁰
1215 3130 1318 3213 Effec-

217 3252 267 3307 tce
281 3246 422 3327 scroaalis
444 3256 492 3309 est
516 3246 664 3311 connexio
685 3256 794 3311 mutua
817 3267 852 3308 ae
875 3244 1076 3310 determinata
1096 3241 1318 3308 elementorum

217 3364 290 3419 actu
311 3355 525 3421 oscillantium.
570 3357 605 3418 5⁰
628 3356 743 3425 Positio
765 3355 890 3421 relativa
904 3355 1122 3419 elementorum
1144 3353 1244 3431 estid,
1260 3375 1317 3435 quo

220 3469 344 3530 materia
372 3459 546 3550 disponitor,
570 3474 601 3530 et
624 3476 813 3551 praeparatur
835 3466 875 3530 ad
903 3464 1107 3550 recipiendam
1136 3463 1317 3528 determina·

219 3575 334 3639 tionem
349 3575 431 3640 illam
448 3576 486 3640 ad
500 3577 591 3641 talem
614 3586 744 3657 motum,
760 3599 920 3662 perquam
935 3576 989 3640 fiat
1010 3575 1081 3639 talis
1096 3574 1263 3654 molecula3
1286 3584 1318 3639 et

218 3694 265 3749 est
287 3686 422 3750 conditio
444 3709 475 3750 se
497 3695 604 3751 tenens
619 3709 654 3750 er
675 3697 761 3771 parte
783 3686 926 3752 materiae.
971 3689 1006 3750 6⁰
1027 3686 1134 3750 Virtus
1155 3685 1318 3751 cuiuslibet

220 3797 362 3863 elementi
388 3808 434 3861 est
451 3800 587 3883 potentio
609 3801 714 3877 activo,
735 3819 772 3861 ac
794 3820 854 3882 qaae
878 3799 1011 3862 eductor
1026 3798 1129 3881 form
1153 3798 1315 3862 moleculoe:

218 3918 311 3993 atque
325 3909 390 3974 haec
404 3910 509 3990 virtus,
519 3920 555 3973 ut
570 3909 646 3974 dans
661 3932 726 3975 esse
741 3921 859 3995 puncto
873 3908 1031 3988 materiali,
1042 3917 1127 3975 tenet
1141 3932 1173 3973 se
1187 3931 1223 3973 ex
1232 3918 1319 3993 parte

221 4020 355 4084 materiae
377 4020 585 4085 molecularis:
610 4020 662 4083 dat
677 4020 759 4085 enim
781 4043 847 4084 esse
868 4028 984 4105 puncto
1001 4020 1144 4098 materia,
1166 4019 1250 4104 quod
1272 4030 1318 4084 est

220 4154 290 4215 pars
304 4132 469 4196 materialis
483 4130 648 4196 moleculae.
694 4131 785 4195 Unde
800 4140 882 4195 recte
896 4130 1017 4210 dicitur,
1033 4131 1162 4195 formam
1177 4131 1265 4195 educi
1280 4132 1318 4196 de

220 4243 358 4327 potentia
372 4244 523 4309 materiae:
546 4242 599 4308 sed
614 4251 749 4328 apparet,
772 4242 852 4307 hane
866 4242 994 4307 formam
1015 4263 1081 4307 esse
1102 4242 1318 4309 accidentalem

219 4354 363 4439 singulis„
373 4353 520 4439 partibus,
535 4362 567 4418 et
581 4375 644 4418 non
666 4352 754 4418 educi
769 4352 807 4416 de
828 4354 966 4437 potentia
988 4352 1120 4416 materiae
1136 4355 1251 4435 primm
1266 4355 1319 4419 aed

1122 4485 1146 4525 ra
