3200 4984
316 374 377 438 l80
637 394 680 438 nr
695 394 903 440 suasurum
919 393 1100 439 corrosam.
1267 367 1355 455 [car.
1372 388 1415 431 11.

310 569 451 625 naturam
468 561 517 625 sui
532 560 671 627 subiecti.
715 561 810 647 Ergo.
855 562 890 626 3⁰
905 561 1058 626 Attrsctio
1073 568 1105 625 et
1119 557 1254 644 repulsio
1271 557 1413 644 proveni-

310 678 369 735 unt
389 670 428 735 ab
446 692 509 736 uno
528 678 632 737 centro
651 671 793 757 simplici,
813 669 893 737 circa
916 670 1000 758 quod
1021 678 1209 736 exercentur.
1255 668 1288 733 Si
1308 676 1414 733 autem

309 782 354 847 vis
376 782 545 862 attractiva,
568 803 637 868 quar
658 781 741 867 viget
762 782 802 847 ad
828 782 972 847 maiorem
994 782 1182 875 distamiam,
1209 803 1272 846 uon
1297 779 1415 865 vigeret

308 915 407 978 usque
428 893 468 958 ad
490 894 592 979 ipsum
615 900 765 973 centrum,
788 892 842 959 aed
865 893 1016 959 desineret
1033 893 1066 958 in
1086 893 1189 979 aliqua
1208 890 1355 957 distantia
1373 890 1413 956 ab

308 1005 386 1090 ipso,
406 1013 442 1070 ut
464 1006 550 1070 daret
571 1004 674 1071 locum
694 1004 724 1070 vi
737 1004 906 1090 repulsivae,
921 1002 982 1069 iam
1004 1027 1067 1069 non
1084 1011 1223 1068 manaret
1244 1024 1281 1067 ex
1294 1010 1414 1080 centro,

309 1113 363 1177 sed
384 1137 403 1180 a
427 1115 586 1200 superficie
611 1116 743 1201 quadam
766 1115 923 1201 sphaerica,
946 1138 1015 1201 quae
1041 1114 1160 1201 concipi
1187 1113 1309 1179 deberet
1331 1113 1415 1178 circa

307 1234 448 1291 centrum
462 1226 502 1292 ad
516 1226 681 1314 quamdam
695 1250 818 1313 parvam
835 1226 1024 1293 distantiam.
1069 1224 1139 1291 Hoc
1148 1234 1251 1291 autem
1261 1225 1338 1310 fingi
1348 1246 1414 1289 non

307 1344 430 1421 potest3
460 1346 529 1403 tum
558 1339 630 1424 quia
653 1338 774 1423 agimm
798 1338 836 1403 de
860 1337 992 1424 simplici
1017 1338 1179 1418 elemento,
1202 1336 1290 1403 cuius
1314 1336 1414 1401 virtus

307 1448 406 1515 activa
432 1450 540 1536 nequit
569 1448 730 1536 procedere
762 1449 824 1514 nisi
855 1472 892 1515 ex
926 1459 997 1515 actu
1030 1449 1191 1515 entitativo
1224 1448 1316 1514 dante
1345 1470 1413 1514 esse

307 1561 450 1642 materiae,
466 1561 521 1647 qui
535 1570 622 1627 actus
636 1560 814 1627 entitativus
829 1582 893 1626 non
913 1570 960 1625 est
980 1560 1013 1625 in
1033 1560 1193 1646 superficie
1207 1568 1341 1638 extensa,
1357 1560 1412 1624 sed

305 1672 339 1735 in
353 1681 470 1756 puncto
484 1672 680 1738 indivisibili:
703 1682 771 1738 tum
786 1673 860 1758 quia
873 1672 906 1737 in
926 1672 980 1738 illa
997 1672 1157 1758 superficie
1172 1672 1327 1757 aphaerica,
1343 1693 1413 1756 qnae

306 1783 443 1867 fingitur,
459 1783 544 1848 nulla
558 1783 688 1850 inveniri
702 1792 805 1870 potest
820 1784 897 1850 ratio
917 1782 1053 1848 fundans
1068 1782 1219 1869 originem
1238 1782 1284 1846 vis
1299 1790 1418 1846 attrac-·

305 1894 385 1974 tivae,
401 1917 469 1979 quae
483 1895 556 1959 inde
570 1896 765 1981 procederet3
787 1918 861 1960 nam
881 1894 934 1959 illa
954 1894 1127 1980 superficies
1146 1901 1225 1958 esset
1238 1892 1328 1957 limes
1343 1892 1412 1977 qui·

305 2005 376 2071 dam
391 2006 547 2071 actionum
561 2006 795 2092 repulsivamm,
810 2029 865 2071 seu
879 2007 912 2071 in
927 2029 990 2092 quo
1004 2005 1083 2071 actio
1099 2004 1250 2091 repulsiva
1264 2006 1412 2068 esset=0

304 2123 335 2180 ct
357 2116 481 2182 initium
503 2118 658 2183 actionum
676 2118 914 2197 attractivarum,
935 2139 991 2181 seu
1011 2116 1044 2181 in
1068 2138 1131 2202 quo
1148 2116 1229 2181 actio
1249 2114 1411 2181 attractiva

304 2231 450 2293 csset=0
457 2253 468 2309 3
491 2229 574 2295 unde
589 2230 764 2315 superficies
777 2228 831 2293 illa
845 2237 924 2293 esset
939 2227 1077 2293 absolute
1091 2235 1202 2292 neutra
1216 2226 1317 2312 quoad
1331 2228 1411 2291 vires

303 2340 426 2419 activas,
448 2340 527 2407 sicut
548 2350 595 2407 est
617 2363 693 2426 pure
714 2339 820 2405 idealis
842 2338 944 2425 quoad
964 2362 1054 2404 suum
1080 2348 1272 2425 conceptum.
1317 2337 1411 2415 Quod

304 2458 407 2517 autem
421 2453 617 2538 principium,
632 2451 680 2517 vel
695 2474 763 2537 quae
780 2451 858 2516 ratio
878 2450 1041 2515 activitatis
1061 2452 1150 2516 realis
1164 2450 1295 2517 inveniri
1309 2458 1411 2536 potest

303 2564 337 2628 in
359 2588 392 2629 re
413 2566 511 2644 ideali,
533 2565 584 2630 cui
606 2563 752 2649 competit
774 2584 840 2627 esse
861 2572 994 2627 ncubom
1015 2564 1050 2626 in
1072 2563 1180 2629 ordine
1202 2562 1241 2627 ad
1263 2563 1410 2628 motnml

303 2674 440 2741 Omnino
464 2676 633 2741 absurdum
658 2683 706 2741 est
730 2675 825 2739 idcole
852 2684 988 2741 neutrum
1018 2683 1232 2765 assumerent
1257 2674 1410 2759 originem

302 2787 410 2851 realem
431 2790 567 2852 activam.
613 2788 746 2853 Necesse
764 2808 839 2871 ergo
856 2794 904 2851 est
922 2786 1034 2865 dicere,
1052 2808 1178 2851 omnem
1196 2786 1258 2851 vim
1278 2787 1408 2851 activam

303 2897 446 2963 elementi
459 2921 584 2964 manare
598 2921 636 2963 ex
651 2899 719 2983 ipso
733 2906 849 2977 centro,
869 2918 933 2963 non
953 2905 1057 2963 autem
1075 2920 1112 2963 ex
1126 2899 1228 2983 aliquo
1242 2897 1310 2963 loeo
1324 2907 1409 2963 extra

303 3016 444 3073 centrum
468 3009 538 3075 sito.
581 3010 623 3074 Et
649 3008 722 3095 quia
747 3008 830 3073 idem
858 3016 999 3073 centrum
1023 3008 1153 3095 simplex
1178 3010 1286 3095 nequit
1316 3008 1409 3073 simul

303 3119 420 3186 actuari
434 3121 592 3206 principiis
607 3120 776 3200 contrariis,
791 3140 914 3185 necesse
933 3127 981 3184 est
998 3120 1180 3185 concludere
1194 3141 1293 3185 unum
1308 3119 1409 3183 solum

177 3244 180 3247 ”
303 3232 489 3318 principium
504 3232 665 3298 convenire
679 3231 736 3297 uni
755 3231 917 3310 elemento,
932 3230 965 3294 id
982 3241 1029 3295 est
1047 3230 1096 3296 vel
1110 3253 1187 3317 pure
1201 3230 1407 3311 attractivum,

302 3344 349 3410 vel
371 3365 448 3428 pure
470 3344 669 3429 repulsivam,
687 3343 727 3409 ad
746 3340 916 3428 quamlibet
936 3341 999 3407 sive
1018 3341 1165 3408 maiorem
1180 3342 1243 3407 sive
1256 3342 1408 3407 minorem

303 3454 492 3521 distantiam.
1352 3526 1354 3531 ¹

346 3569 401 3631 48.
428 3568 556 3632 Obiicr'ea
577 3588 648 3631 cum
670 3567 706 3631 P.
724 3564 925 3631 Boschovich.
969 3564 1105 3650 Corpore
1128 3572 1201 3629 suut
1223 3565 1406 3651 impenetra-

303 3679 394 3758 bilia3
424 3701 498 3763 ergo
527 3678 651 3763 singula
679 3677 830 3742 elementa
859 3698 1021 3762 corporum
1052 3685 1126 3740 sunt
1151 3676 1406 3761 impenetrabilia.

301 3793 386 3877 Ptrgo
405 3790 527 3875 singula
548 3788 698 3853 elementa
718 3788 886 3852 necessario
909 3796 1029 3853 cessant
1050 3810 1116 3852 esse
1136 3788 1297 3853 attractiva
1310 3812 1407 3875 prope

302 3913 453 3984 centrum,
474 3911 510 3966 ut
529 3902 605 3966 fiant
625 3899 795 3985 repulsiva;
822 3922 894 3964 nam
917 3899 960 3963 sic
982 3899 1083 3964 solum
1104 3908 1252 3985 poterunt
1272 3901 1407 3985 effugere

299 4023 478 4082 contactum
492 4012 726 4098 penetrativum.

346 4124 527 4211 Respondeo
546 4125 614 4187 diat.
636 4131 697 4186 ant.
719 4120 856 4207 Corpora
874 4128 946 4185 sunt
961 4120 1205 4205 impenetrabilia
1219 4120 1405 4208 impenetra-

300 4236 419 4301 bilitate
436 4233 560 4300 relativa
579 4256 658 4298 coac.
680 4241 743 4297 cat.
763 4230 1052 4317 impenetrabilitate
1074 4230 1214 4297 absoluta
1235 4257 1266 4299 a.
1288 4245 1352 4302 cut.
1374 4245 1405 4301 et

299 4370 411 4429 conseq.
