3200 4984
207 358 278 403 car.
295 338 365 421 vra]
579 358 621 399 ua
637 357 756 401 rursus
772 358 965 403 courrrvurs.
1242 338 1308 402 319

209 534 246 590 ut
265 525 405 610 superius
424 523 608 589 declaratum
629 533 686 589 est.
731 523 835 601 Quare
854 519 1063 609 quantificatio
1085 524 1256 590 durationis
1276 534 1308 589 et

211 637 302 722 spatii
315 636 394 702 nihil
408 635 492 701 aliud
506 645 561 715 est,
576 636 637 701 nisi
657 636 769 721 positio
790 637 992 701 terminorum
1013 636 1142 701 realium
1163 636 1308 701 successi·

211 770 327 828 vorum,
342 750 423 812 inter
436 769 514 833 quos
527 747 668 813 oriuntur
682 748 810 813 diversae
824 748 996 827 relationes,
1012 769 1081 833 quae
1102 747 1278 832 cogitantur
1291 768 1310 813 a

210 860 299 926 nobis
313 859 353 925 ad
366 859 493 925 modum
505 859 692 925 diversarum
702 859 921 945 quantitatum,
932 867 1057 944 propter
1066 858 1205 923 ordinem
1217 880 1309 945 quem

212 972 319 1037 dicunt
333 973 372 1038 ad
387 970 519 1037 diversas
534 970 722 1057 quantitates
737 980 888 1051 motuum,
903 970 958 1056 qui
980 976 1061 1035 inter
1080 970 1150 1035 illua
1163 970 1311 1035 terminos

212 1083 317 1148 haberi
330 1092 472 1169 possunt.

257 1195 340 1261 Hinc
353 1202 488 1281 apparet,
503 1204 654 1279 punctum
673 1195 818 1273 materiae,
832 1202 869 1258 ut
886 1193 1006 1259 habens
1023 1196 1084 1275 ubi,
1100 1194 1222 1279 signare
1241 1216 1310 1259 sues

212 1308 325 1373 cesaive
339 1316 371 1372 et
384 1306 552 1372 formaliter
567 1306 711 1393 spatium,
722 1306 795 1371 dum
807 1314 1000 1371 momentum
1015 1317 1127 1386 nmtus,
1142 1315 1179 1371 ut
1193 1304 1311 1371 habens

213 1418 338 1503 qwndo,
354 1417 456 1503 signat
478 1417 644 1483 successive
666 1426 697 1482 et
720 1416 889 1482 formaliter
908 1416 1120 1483 durationem:
1142 1426 1234 1503 atque
1255 1418 1309 1495 ita,

214 1530 293 1595 sicut
307 1528 440 1613 spatium
454 1551 631 1614 percursam
646 1529 765 1614 concipi
779 1538 882 1614 potest
895 1538 1053 1615 tamquam
1063 1529 1227 1613 vestigium
1241 1551 1310 1615 per·

213 1664 352 1707 severana
366 1640 473 1725 puncti
488 1640 651 1707 materialis
672 1641 870 1719 transeuntia,
885 1642 929 1705 sic
943 1648 1044 1726 potest
1058 1640 1175 1726 concipi
1190 1641 1311 1705 duratio

216 1754 384 1819 successiva
398 1762 556 1837 tamquam
565 1752 788 1838 perseverantia
800 1752 946 1817 continua
955 1752 989 1816 iu
997 1753 1084 1819 fluxu
1094 1753 1177 1817 illius
1185 1754 1310 1838 pauida

184 1872 187 1881 '
215 1865 249 1931 in
270 1880 332 1951 quo
352 1864 479 1929 materia
501 1863 604 1949 signat
618 1864 782 1949 vestigium
805 1864 854 1928 sui
873 1865 1022 1929 transitus
1040 1866 1075 1929 in
1092 1866 1190 1950 spatio
1200 1887 1210 1944 ;
1231 1863 1311 1929 illud

218 1976 301 2041 enim
320 1976 445 2061 qwodo,
461 1975 532 2040 licet
553 1997 651 2039 unum
675 1974 843 2039 secuudum
866 1974 1080 2055 substantiam,
1095 1977 1130 2041 lit
1148 1975 1312 2060 multiplex

215 2088 382 2153 secundum
397 2086 557 2152 rationem.

258 2200 394 2283 Apparet
415 2198 517 2277 etiam,
533 2196 765 2263 continuitatem
788 2198 851 2262 sive
873 2200 973 2284 spatii,
988 2200 1051 2264 sive
1065 2199 1234 2264 durationis
1248 2220 1311 2265 non

218 2332 283 2375 ease
298 2309 503 2373 extensionem
521 2308 678 2372 formalem
693 2309 828 2393 partium
845 2319 930 2375 extra
950 2320 1053 2395 partes
1073 2312 1107 2374 in
1128 2312 1195 2396 ipsc
1214 2311 1312 2396 spatio

216 2431 248 2485 et
262 2420 430 2501 duratione,
446 2419 499 2485 aed
520 2428 642 2484 tautum
657 2420 828 2486 virtualem.
872 2422 953 2487 Nam
976 2420 1195 2508 perseverantia
1216 2444 1313 2508 quan·

217 2532 338 2598 deitatis
351 2532 526 2597 intrinsecae
540 2531 573 2597 in
587 2531 694 2596 mobili
716 2543 800 2597 moto
822 2542 869 2597 est
890 2534 965 2619 quid
979 2534 1146 2627 formaliter
1166 2534 1312 2619 simplex;

218 2667 290 2729 ergo
305 2643 421 2708 nullam
435 2642 593 2707 formalem
607 2643 839 2708 multitudinem
854 2644 948 2711 dicit:
971 2655 1018 2710 est
1032 2655 1136 2710 tamem
1144 2646 1313 2713 virtualiter

218 2756 385 2841 multiplex,
400 2764 552 2840 quatenus
565 2755 729 2840 respondet
743 2756 870 2820 diversis
891 2756 1037 2841 gradibus
1054 2758 1251 2839 intensitatis,
1266 2758 1314 2822 vel

218 2867 343 2933 diversis
357 2865 581 2931 ubicationibus
590 2867 775 2945 successivis,
787 2868 954 2932 secundum
969 2890 1046 2954 quas
1060 2866 1197 2934 ordinate
1212 2870 1313 2953 signa·

218 2990 267 3045 tas
280 3003 299 3046 a
313 2979 413 3065 priore
427 2978 466 3043 ad
480 2979 672 3064 posteriores,
688 2978 807 3044 durana
829 2980 897 3064 ipsa
915 2980 1131 3045 denominatur
1147 2981 1317 3046 successiva

220 3102 252 3157 et
265 3092 381 3157 habens
400 3090 486 3177 prius
505 3099 536 3155 et
555 3100 635 3177 post.
680 3090 769 3155 Prius
791 3090 874 3155 enim
893 3100 924 3155 et
946 3102 1015 3176 post
1029 3092 1172 3157 videntur
1195 3092 1255 3156 dici
1277 3092 1317 3157 de

220 3204 379 3269 duratione
393 3224 447 3287 per
462 3202 691 3268 translationem
706 3201 744 3266 ab
759 3225 794 3266 eo
810 3204 903 3289 priori
917 3213 948 3268 at
962 3205 1131 3289 posteriori,
1146 3205 1231 3290 quod
1251 3225 1316 3269 cer·

219 3316 305 3382 nitur
319 3313 352 3377 in
367 3312 443 3377 serie
457 3311 666 3377 ubicationum
681 3335 699 3376 a
713 3313 820 3378 mobili
834 3314 1042 3399 signatarum:
1069 3318 1142 3402 quia
1155 3317 1233 3381 ratio
1247 3316 1315 3381 ubi-

219 3426 347 3491 cutionis
366 3423 536 3489 sensibilior
556 3432 612 3504 est,
634 3446 727 3510 quam
749 3426 827 3491 ratio
848 3428 1014 3512 temporis:
1036 3438 1068 3493 et
1089 3429 1158 3495 ideo
1179 3449 1216 3494 ex
1239 3429 1316 3494 serie

220 3536 428 3603 ubicationum
451 3535 490 3600 ad
516 3534 623 3600 seriem
647 3535 817 3601 durationis
839 3529 1007 3603 naturalior
1031 3548 1063 3603 et
1087 3536 1247 3626 proclivior
1269 3549 1316 3604 est

221 3649 378 3713 transitus.
425 3646 574 3712 Similiter
588 3647 773 3713 continuitas
788 3650 879 3732 spatii
893 3650 1028 3734 percursi
1043 3672 1105 3716 uon
1119 3662 1167 3716 est
1180 3652 1316 3717 formalis

221 3761 355 3825 extensio
374 3758 510 3845 partium
532 3758 623 3844 spatii
640 3768 724 3823 extra
744 3770 848 3845 partes
869 3762 980 3845 spatii;
1002 3781 1073 3826 nam
1087 3763 1159 3828 licet
1173 3786 1236 3828 nna
1249 3764 1317 3828 ubi-

220 3873 300 3937 catio
315 3871 355 3937 sit
369 3869 489 3935 realiter
504 3870 649 3935 distincta
663 3871 701 3935 ab
716 3871 784 3935 aliis
804 3872 1012 3955 sequentibus,
1027 3896 1091 3939 non
1105 3885 1151 3940 est
1166 3885 1270 3941 tamen
1284 3879 1318 3941 iu

222 3984 319 4070 spatio
335 3982 414 4049 sicut
428 3981 461 4047 iu
477 3981 623 4062 subiecto,
633 3982 686 4046 sed
698 3982 730 4046 in
745 3982 852 4047 mobili
868 3984 944 4068 ipso,
956 3995 991 4049 ut
1002 3988 1185 4053 terminante
1196 3999 1318 4055 tantum

222 4097 388 4161 extrinsece
403 4101 434 4158 et
455 4096 595 4178 signante
616 4095 759 4179 spatium.
806 4094 899 4175 Hinc,
914 4095 994 4162 sicut
1015 4097 1048 4162 in
1070 4099 1229 4166 duratione
1251 4125 1319 4167 suc·

223 4210 334 4273 censiva
350 4204 483 4269 eiusdem
500 4206 579 4269 entis
593 4205 722 4271 habetur
743 4205 869 4272 unicum
889 4232 966 4273 nuuc
988 4212 1155 4277 secuudum
1177 4213 1318 4279 substan-

222 4321 307 4399 tiam,
323 4313 482 4403 multiplex
491 4317 658 4383 secuudum
673 4318 832 4400 rationem,
843 4322 887 4386 ita
901 4322 992 4387 etiam
1007 4323 1040 4388 iu
1051 4323 1136 4390 fluxu
1151 4345 1205 4411 per
1217 4326 1318 4391 locum
