3200 4984
202 413 272 470 eno.
291 393 361 476 un]
577 411 693 458 runnu
712 415 947 458 sarcasmum.
1268 393 1309 454 53

202 579 336 644 animam
352 602 418 644 esse
432 580 561 648 formam
581 581 704 660 dantem
724 581 843 666 corpori
861 580 997 666 primurn
1017 601 1083 645 esse
1098 577 1309 655 substantiale,

200 713 254 754 seu
262 693 394 774 primurn
408 715 468 756 esse
481 694 665 777 simpliciter.
711 694 793 757 Nam
815 694 842 757 si
865 693 908 756 ita
927 700 1017 770 esset,
1037 691 1132 755 honio
1147 712 1210 753 non
1225 713 1309 754 oom-

199 812 365 888 poneretur
383 827 421 868 ex
437 805 546 869 anima
558 806 700 876 rationali
720 816 751 870 et
772 828 898 890 corpore
917 805 1072 888 organico,
1088 803 1142 868 scd
1155 826 1192 866 ex
1206 801 1309 870 anima

200 915 341 979 rationali
364 923 396 979 et
419 915 546 980 materia
565 918 674 1002 prima.
722 918 789 981 Hoc
810 940 880 981 vero
898 925 946 980 est
966 915 1132 982 absurdum
1151 937 1188 978 ex
1203 912 1310 977 multis
1411 988 1413 992 p

200 1104 272 1158 cuius
283 1105 436 1176 supponitur
448 1107 558 1160 matnia
574 1125 658 1176 cupae
675 1107 882 1176 o'rpans'sationu,
896 1112 920 1160 et
933 1105 1104 1176 despectuosis
1115 1104 1263 1158 massaria
1275 1105 1312 1157 ad

200 1189 324 1245 animum.
361 1193 398 1246 In
409 1194 484 1246 retias
500 1199 587 1247 aman
603 1194 755 1247 inaninsatis
771 1199 851 1247 cessat
863 1194 918 1246 tusc
929 1193 1070 1246 recensitas.
1108 1192 1146 1244 Et
1158 1191 1312 1261 confirmari

194 1284 280 1347 potest
292 1297 324 1332 es
335 1281 466 1334 communi
480 1283 555 1334 niodo
572 1281 692 1352 loquendi
699 1302 709 1339 ‚'
727 1281 837 1334 dtafma
853 1282 921 1335 euim
937 1282 1022 1336 muers
1037 1286 1154 1334 constare
1169 1297 1274 1348 corpore
1286 1284 1310 1331 et

199 1365 297 1434 anirna,
318 1384 370 1418 aon
390 1367 613 1436 tamendieimus,
633 1386 729 1438 aquam
747 1369 787 1422 uel
806 1375 892 1423 aerem
911 1375 1028 1422 constare
1047 1385 1080 1421 en
1096 1384 1203 1435 corpore
1219 1370 1244 1417 et
1262 1364 1310 1418 tali

191 1452 358 1523 formasset
377 1472 408 1506 aa
429 1455 540 1526 necteria
561 1461 585 1508 et
605 1455 654 1508 tati
663 1454 766 1527 sernia.
804 1455 878 1526 Erpo
895 1455 998 1525 mm
1015 1461 1059 1522 est,
1078 1471 1177 1523 eorpus,
1196 1453 1266 1523 quod
1281 1452 1309 1504 in

199 1539 338 1592 uiuentibus
361 1539 456 1593 dicitur
479 1559 531 1594 asse
546 1523 634 1604 saltem
652 1560 720 1612 pars
744 1542 884 1612 compositi,
904 1547 1004 1612 prester
1021 1540 1161 1602 matembm
1181 1539 1309 1592 incbcdere

199 1611 341 1694 quainddm
358 1627 551 1680 substantialem
562 1627 685 1700 formam
703 1629 884 1682 intermediam
901 1629 969 1682 inter
984 1627 1123 1681 maurium
1140 1632 1165 1680 et
1182 1626 1306 1679 animam.

198 1714 242 1766 De
254 1732 303 1783 quo
315 1732 421 1784 corpore
432 1715 526 1784 optim
543 1701 695 1784 intellspitur
707 1717 742 1768 dr
763 1716 827 1768 uitio
843 1716 888 1779 illa
905 1715 1014 1768 amena:
1032 1714 1083 1768 Est
1097 1719 1175 1767 actus
1191 1711 1309 1783 corporis

198 1799 312 1870 physici,
331 1799 458 1870 organici,
475 1801 598 1872 potentia
612 1801 698 1854 vitam
714 1801 847 1855 habentis.
885 1803 966 1870 Nam,
979 1820 1038 1854 eum
1054 1819 1146 1870 corpus
1158 1800 1228 1867 illud,
1241 1800 1310 1868 quod

198 1877 413 1958 condutinpuitar
425 1889 458 1940 ab
470 1887 567 1956 anima,
579 1889 614 1950 ¹sit
620 1907 688 1958 pars
696 1889 813 1958 physica,
824 1908 876 1942 non
884 1889 991 1942 includit
1000 1888 1116 1942 animam
1126 1887 1217 1956 pisam,
1230 1873 1308 1939 atiani

198 1979 227 2026 ut
239 1975 343 2026 dantem
354 1963 512 2046 superiorem
523 1976 645 2044 pradum,
659 1975 720 2044 quia
732 1975 797 2028 alias
810 1994 862 2028 non
874 1980 936 2028 esset
948 1994 979 2027 es
988 1975 1023 2028 eis
1034 1973 1183 2043 compositio
1188 1972 1307 2042 physica,

198 2061 244 2112 s'ed
254 2055 446 2129 metaphysica:
459 2079 504 2113 nec
516 2061 594 2114 etism
603 2060 666 2114 dicit
674 2062 756 2114 solam
765 2062 912 2129 maurium,
925 2067 971 2115 utet
983 2062 1088 2128 nudam,
1102 2061 1163 2130 quia
1174 2060 1222 2111 boe
1233 2060 1308 2111 nudo

198 2147 341 2200 communis
355 2153 391 2200 est
408 2147 524 2201 omnibus
538 2149 613 2200 relisis
630 2149 800 2214 staturalibus,
820 2155 866 2201 aut
884 2167 942 2201 mem
959 2147 1162 2214 comitalibus,
1179 2146 1241 2216 quia
1254 2146 1308 2198 liceo

199 2252 251 2286 non
262 2235 395 2304 pertinent
414 2236 450 2288 ad
466 2235 774 2308 nasaniam-substantia.
818 2235 893 2304 Erpa
913 2235 1020 2288 includit
1039 2233 1172 2303 pecualem
1185 2232 1308 2303 formam

198 2321 391 2375 substantialem
412 2322 558 2375 distinctam
583 2323 615 2375 ab
639 2323 736 2374 anima.
784 2322 898 2374 Mundo
920 2340 951 2375 ac
964 2320 1147 2391 principaliter
1167 2324 1251 2372 motus
1271 2326 1308 2372 est

200 2403 289 2457 Suetus
301 2411 452 2480 arpumento
465 2424 481 2457 a
488 2405 630 2475 posteriori
635 2426 645 2463 ‚·
663 2405 724 2474 quia
737 2404 764 2457 in
778 2411 860 2457 morte
872 2403 993 2456 animales
1004 2403 1098 2456 recedit
1110 2401 1207 2469 arsinoa,
1220 2407 1244 2454 et
1256 2419 1307 2453 nors

197 2491 288 2544 statim
298 2491 471 2544 introducitur·
482 2510 548 2544 noua
553 2490 667 2563 sermm
685 2510 737 2544 nou
754 2497 791 2544 ost
802 2483 893 2543 'uidem
905 2490 1040 2543 dicendum
1053 2506 1158 2543 manne
1169 2487 1307 2549 matenbm

197 2577 252 2630 sine
257 2577 371 2648 forma,-
383 2595 443 2646 erpo
455 2577 590 2630 dicendum
603 2583 639 2630 est
651 2596 756 2630 manere
769 2578 816 2630 sub
821 2576 917 2649 forma
930 2574 1114 2652 corporeitate,
1127 2591 1185 2644 qua
1192 2579 1307 2643 praerat

198 2664 226 2716 in
238 2663 353 2716 animali.
390 2664 483 2716 Maior
489 2664 618 2734 probatur
625 2685 635 2722 ,·
648 2664 717 2734 quta,
733 2664 758 2717 si
772 2664 978 2717 introduceretur
992 2661 1169 2734 riorusormu,
1186 2661 1232 2714 illa
1244 2666 1306 2713 esset

198 2751 299 2805 diuersa
312 2770 365 2821 pro
384 2749 531 2805 diuersitate
549 2752 761 2822 dispositionum:
780 2752 895 2806 uidemus
911 2756 998 2804 auttrn
1015 2769 1067 2803 reon
1083 2749 1122 2802 ita
1140 2767 1198 2815 esse,
1217 2749 1262 2801 sed
1278 2747 1307 2800 iu

198 2844 280 2891 niorto
292 2839 403 2891 bominis
413 2839 481 2891 idern
491 2839 601 2892 cadaver
610 2857 721 2906 munere,
731 2839 782 2892 sne
791 2857 823 2891 ec
832 2838 1005 2891 redundantia
1014 2837 1113 2903 camis,
1127 2835 1179 2889 sice
1183 2834 1306 2907 stuporis,

199 2925 335 2978 moriatur.
361 2925 468 2978 Accedit
480 2925 566 2988 etiam,
579 2943 645 2994 scepe
657 2927 756 2978 nudum
765 2943 817 2978 esse
826 2943 911 2994 opens,
920 2943 937 2976 a
946 2942 995 2994 quo
1005 2922 1164 2995 suasano
1175 2923 1305 2975 ediscatur.

203 3010 288 3063 Tertio
298 3011 381 3063 utitur
394 3011 483 3063 Suetus
499 3017 651 3080 arpumento
667 3011 812 3080 theolopico,
831 3013 901 3081 quod
916 3010 1030 3063 manime
1045 3009 1124 3063 movit
1139 3007 1304 3062 Heunburn:

198 3115 261 3150 nam
278 3097 331 3150 dici
346 3101 397 3150 non
408 3105 501 3167 potest,
517 3117 609 3168 corpus
626 3099 737 3152 bominis
755 3100 854 3153 mortui
867 3117 966 3170 semper
982 3117 1034 3152 esse
1049 3098 1130 3167 specte
1141 3103 1187 3149 aaut
1198 3114 1306 3149 nunwro

198 3184 347 3238 distinctum
367 3203 384 3237 u
405 3203 510 3254 corpore
534 3184 647 3238 niventis.
684 3185 758 3253 Erpa
775 3203 880 3238 ⁴rieseesse
900 3191 936 3238 est
950 3184 1045 3257 fateri,
1065 3201 1170 3236 nwnere
1190 3183 1307 3235 eamdznn

198 3289 305 3324 numero
316 3270 438 3343 fersnara
456 3272 570 3340 corporis
587 3272 641 3324 sine
658 3290 724 3324 noca
735 3271 849 3342 forma:
867 3272 936 3342 quia,
953 3271 1056 3324 variata
1065 3269 1168 3342 foruna,
1186 3269 1306 3323 camur

198 3357 367 3426 individuum,
380 3358 432 3410 imo
448 3365 473 3410 et
490 3359 588 3428 species.
626 3359 786 3412 Antecedens
798 3365 889 3427 patet,-
907 3359 976 3428 qru‘d,
993 3357 1059 3411 alias
1075 3375 1127 3409 nou
1144 3356 1262 3410 iacuisset
1277 3356 1305 3408 iu

197 3445 313 3512 sepulcro
331 3445 400 3496 idem
418 3463 524 3497 nurnero
544 3463 643 3514 corpus,
664 3445 733 3514 quod
741 3442 800 3515 fuit
818 3444 846 3496 in
868 3443 1089 3496 nuntiavimus
1127 3442 1165 3494 Et
1181 3443 1207 3495 si
1221 3443 1305 3496 bestia

192 3530 291 3602 sitisset
302 3536 361 3600 ante
377 3530 475 3584 &tristi
485 3535 593 3584 mortem
606 3537 752 3584 eoruecrata
764 3536 789 3583 et
803 3536 951 3583 eduntote
961 3529 991 3581 ia
1003 3529 1096 3595 triduo,
1108 3547 1160 3581 nou
1171 3529 1306 3584 mannia

198 3618 226 3670 in
239 3636 269 3670 ea
279 3616 350 3670 ¹idern
358 3620 453 3686 'emptu
465 3635 590 3670 nuntero:
610 3635 667 3686 qua
678 3617 796 3670 videmur
808 3635 859 3669 csse
870 3621 960 3668 contra
972 3615 1040 3669 dicta
1053 3615 1214 3668 Sanctorum.

202 3726 203 3730 ¹
233 3703 341 3770 Suarez,
354 3709 386 3756 ut
396 3703 454 3756 vim
466 3703 547 3756 huius
559 3702 800 3774 argumentationis
812 3702 950 3773 infringat,
964 3702 993 3754 10
1004 3700 1099 3754 obiicit
1115 3701 1186 3755 hanc
1198 3701 1304 3774 opinio-

197 3808 261 3844 nem
284 3790 464 3861 multiplicare
488 3790 586 3843 formas
610 3790 668 3842 sine
693 3789 837 3846 sufficienti
857 3789 1040 3842 firndamsnto.
1077 3789 1108 3840 2⁰
1127 3787 1167 3840 ait
1190 3787 1303 3842 Scotum

198 3881 355 3948 supponere,
368 3875 473 3948 ,contra
496 3876 680 3944 Aristotelem,
709 3877 768 3930 fieri
792 3876 991 3946 corruptionem
1016 3874 1220 3928 substantialem
1243 3876 1302 3930 sine

197 3963 371 4035 subsequenti
395 3963 575 4034 generatione,
598 3968 626 4016 et
644 3963 703 4016 fieri
723 3963 923 4034 corruptionem
942 3961 1148 4015 substantialem
1176 3969 1302 4016 manente

198 4050 341 4122 eompleta'
350 4048 501 4104 substantia
518 4049 639 4103 sensibili
655 4049 805 4120 composita
818 4067 853 4102 ex
869 4049 982 4102 materia
998 4053 1026 4101 et
1042 4048 1135 4101 forma.
1172 4049 1203 4101 30
1214 4049 1303 4121 arguit

197 4137 312 4190 dicendo
331 4137 411 4208 quod,
432 4136 455 4189 si
475 4135 561 4190 forma
581 4135 764 4208 corporeitatis
785 4141 875 4207 potest
896 4152 1003 4188 manere
1023 4135 1081 4188 sine
1100 4134 1198 4203 anima,
1218 4135 1302 4189 etiam

196 4223 309 4277 muteris
326 4223 426 4294 poterit
443 4240 551 4276 manere
568 4223 626 4276 sine
644 4223 730 4278 forma
746 4222 946 4294 corporeitatis:
965 4222 1038 4292 quod
1056 4229 1244 4293 argumentum
1261 4231 1302 4276 est

197 4312 233 4363 ad
247 4311 383 4378 bornicum,
400 4310 465 4381 quia
483 4309 579 4364 Scotus
595 4328 649 4363 non
665 4309 787 4363 admittit
805 4309 874 4374 illud
890 4309 1045 4377 secundum,
1063 4310 1110 4362 sed
1126 4315 1234 4362 tuntum
1245 4311 1303 4381 pri-

196 4415 278 4450 mum.
316 4400 346 4450 40
358 4397 469 4450 adduvit
482 4396 680 4464 inconveniens,
699 4397 760 4467 quie
778 4397 991 4466 acciderepotest,
1005 4402 1033 4448 ut
1046 4396 1113 4448 idern
1126 4416 1232 4450 puniero
1244 4417 1304 4451 cor-
