3200 4984
205 394 276 439 car.
293 375 349 459 11.]
529 395 572 441 au
588 395 791 441 suasurum
807 395 988 440 couroaar.
1245 377 1306 440 135

204 561 313 647 gitime
321 560 492 640 deducitur,
503 561 574 647 quia
588 563 622 627 in
633 562 714 628 facto
722 562 815 627 alleto
823 563 944 629 nullum
956 562 1048 629 habet
1059 560 1307 629 hrndumeutum.

204 674 246 737 Et
275 673 320 739 sic
348 672 468 760 physici
493 673 646 739 ordinarie
674 673 822 754 dicentes,
852 682 884 739 et
913 675 1039 761 quidem
1067 682 1159 755 recte,
1181 677 1311 741 actiones

204 793 322 849 mutuus
331 785 540 849 mohculcmm
547 808 607 849 non
617 806 679 849 erec
686 787 719 849 ic
731 786 849 849 ratione
860 788 976 851 inuersa
986 786 1141 871 quadratu
1151 787 1309 865 distantia,

205 895 259 961 sed
276 896 310 959 in
324 895 427 988 aliqua
440 894 509 974 ulia,
524 894 611 960 nullo
625 895 717 961 modo
731 894 947 961 contradicunt
962 895 1061 975 uobis,
1077 896 1131 982 qui
1146 896 1310 961 asserimus

205 1007 245 1071 de
263 1007 383 1073 actione
401 1006 634 1086 elementorum,
650 1006 734 1091 quod
755 1005 816 1092 ipsi
837 1015 953 1091 negant
973 1008 1011 1072 de
1036 1008 1155 1072 actione
1178 1008 1308 1073 molecu·

205 1118 314 1182 larum.
359 1118 493 1184 Inferius
514 1139 586 1183 vero
611 1116 778 1183 clarissime
806 1117 1002 1183 ostendemus
1030 1118 1073 1199 (n.
1096 1120 1156 1182 101
1180 1124 1211 1182 et
1232 1118 1307 1202 116)

205 1228 360 1314 quomodo
380 1251 418 1294 ex
438 1227 597 1293 elementis
618 1228 782 1313 agentibus
813 1229 846 1293 in
869 1228 986 1294 ratione
1012 1228 1131 1294 inversu
1152 1229 1310 1315 quadratae

206 1341 361 1407 distentius
375 1349 599 1426 componantur
621 1340 778 1406 moloculae
792 1340 882 1405 aliam
908 1339 1009 1425 legem
1035 1348 1198 1426 sequentes
1214 1340 1310 1405 sensi·

206 1453 308 1519 biliter
327 1453 478 1518 diversam
494 1453 528 1517 in
553 1451 691 1517 minimis
713 1449 1071 1537 praesertimdistantii13
1094 1457 1125 1515 et
1145 1450 1188 1515 sic
1209 1450 1311 1517 nodus

206 1564 265 1629 erit
278 1574 343 1631 tum
362 1564 519 1631 evidenter
533 1564 653 1631 solutus
666 1587 703 1628 ex
726 1563 861 1629 naturali
884 1562 953 1647 lege
974 1562 1130 1627 actionum
1145 1563 1178 1626 in
1193 1563 1311 1627 ratione

209 1677 328 1741 inversa
349 1676 567 1761 quadraturum
589 1674 816 1754 distantiarum,
839 1682 875 1740 ut
896 1673 1003 1738 nullus
1025 1673 1157 1759 amplius
1179 1675 1312 1759 supersit

207 1788 303 1868 locus,
319 1787 441 1853 nullum
455 1787 616 1865 motivum,
630 1786 722 1853 aliam
741 1786 843 1871 legem
862 1785 1013 1851 occultum
1027 1785 1243 1871 investigandi,
1258 1795 1312 1853 aut

209 1898 395 1983 suspicandi

118 2032 126 2045 ·
255 2009 404 2087 Quaedam
423 2009 483 2074 aha
495 2008 685 2075 obiiciuntur
702 2008 770 2075 uP.
787 2008 978 2074 Boschovich
998 2009 1079 2074 circu
1097 2009 1313 2075 necessitatem

210 2120 394 2185 admittendi
408 2120 487 2185 vires
508 2119 646 2186 infinitas
662 2119 697 2183 in
716 2119 854 2200 materie,
870 2120 897 2185 si
911 2128 1044 2204 ponatur
1058 2120 1160 2203 vigere
1174 2120 1223 2185 lex
1237 2142 1315 2206 proe-

210 2232 292 2299 diotu
312 2254 411 2318 usque
432 2230 473 2297 ud
503 2240 643 2297 centrum
664 2230 820 2297 elementi.
866 2231 927 2295 His
952 2230 1204 2316 respondebimus
1233 2232 1313 2297 cito:

210 2344 264 2409 sed
283 2353 458 2429 retorquere
477 2344 583 2408 statim
607 2364 771 2428 possumus
790 2350 1009 2427 argumentum
1017 2366 1035 2421 ς’
1050 2342 1122 2428 quia
1137 2342 1231 2407 etiam
1249 2341 1315 2427 ipse

211 2455 349 2521 admittit
363 2455 442 2521 vires
460 2454 628 2541 repulsivas
650 2454 685 2519 iu
708 2454 867 2519 infinitum
889 2460 1058 2519 crescentes
1080 2452 1121 2518 ad
1141 2452 1315 2519 evitandam

213 2567 533 2653 compeuetrutionem.
579 2566 613 2631 Si
643 2588 717 2651 ergo
737 2566 805 2629 eins
826 2573 1008 2650 argumenta
1029 2563 1203 2650 probarent,
1226 2586 1314 2651 seque

212 2680 403 2745 destruerent
417 2679 483 2745 eius
496 2678 659 2744 theoriam.
692 2677 764 2758 Sed,
780 2685 817 2742 ut
826 2676 967 2755 diximus,
977 2675 1038 2741 cito
1052 2674 1315 2762 respondebimus.

129 2810 133 2815 ’
194 2851 213 2892 ⁸
255 2794 309 2857 51.
331 2790 544 2875 Expmdictis
567 2792 706 2875 sequitur
719 2788 871 2853 actionem
886 2810 955 2874 quae
969 2795 1125 2853 exercetur
1138 2788 1178 2853 ad
1198 2788 1314 2852 distan-

213 2903 288 2967 tiam
303 2904 326 2968 d
344 2925 362 2967 a
376 2911 482 2967 centro
496 2901 626 2987 exprimi
648 2901 682 2966 iu
697 2900 855 2965 functione
874 2900 1003 2966 actionis
1018 2920 1086 2986 quae
1105 2908 1262 2965 exercetur
1277 2899 1317 2965 ad

213 3013 364 3079 unitatem
379 3012 533 3078 distentius
546 3035 602 3097 per
615 3011 795 3076 relationem

731 3145 837 3287 st}
884 3210 1219 3232 .......
1271 3167 1316 3253 (1)

214 3346 467 3431 quotiescumque
481 3347 585 3430 agitur
599 3345 638 3410 de
652 3346 805 3410 elemento
817 3344 958 3430 simplici.

257 3458 305 3521 Ex
332 3458 390 3523 huc
409 3457 541 3522 formula
566 3466 740 3542 sequuntur
763 3457 903 3542 quaedam
927 3456 1085 3522 corollaria
1107 3456 1319 3544 philosophice

214 3569 415 3655 expendenda
429 3577 461 3633 et
475 3568 665 3634 vindicanda.

259 3682 362 3747 Prim0
376 3680 470 3761 enim,
485 3681 511 3745 si
525 3680 579 3745 fiat
594 3681 651 3745 d:
657 3682 691 3759 0,
706 3680 789 3744 venit

707 3790 732 3855 ν’
738 3817 770 3847 =
779 3812 809 3855 oo
821 3816 831 3871 3

215 3903 248 3967 id
262 3911 309 3967 cst
323 3904 478 3968 intersitas
490 3905 536 3969 vis
549 3905 582 3967 iu
596 3905 660 3987 ipso
675 3910 775 3967 centro
790 3909 835 3966 est
849 3900 978 3985 infinita.

260 4014 411 4093 Secundo,
438 4023 474 4079 ut
496 4014 645 4080 habeatur
665 4013 757 4079 s=0
776 4034 899 4077 necesse
924 4020 971 4075 est
996 4030 1108 4095 ponere
1133 4009 1166 4073 in
1188 4008 1321 4074 formula

215 4128 332 4205 d=003
354 4125 387 4189 id
401 4133 458 4203 est,
470 4133 504 4189 ut
519 4126 674 4189 intersitas
689 4126 817 4189 actionis
832 4124 933 4186 iuberi
940 4123 1039 4205 possit
1048 4142 1107 4205 pro
1122 4120 1215 4199 nulla,
1225 4123 1323 4204 requi-

216 4239 294 4301 ritur
302 4239 446 4302 distantia
461 4237 598 4321 infinitc3
623 4258 718 4321 quare
729 4235 809 4301 actio
818 4234 864 4300 vis
874 4232 1067 4298 elementaris
1082 4231 1174 4297 habet
1189 4231 1324 4318 aliquam

217 4348 426 4415 intensitatem
441 4370 497 4433 pro
512 4346 649 4432 qualibet
666 4346 812 4411 distentia
827 4344 1019 4429 designabili.
