3200 4984
293 379 357 440 154
618 400 661 443 nu
677 400 882 445 suasrauma
895 402 1074 447 consonas.
1255 384 1342 468 [car.
1360 404 1401 447 11.

291 564 335 627 sic
349 586 412 627 una
426 573 506 629 esset
521 566 612 629 etiam
626 566 681 630 ubi
695 577 742 631 est
757 567 834 641 alia:
858 576 888 632 at
905 568 997 632 simul
1019 590 1083 633 non
1102 578 1181 633 esset
1196 590 1260 634 una
1275 570 1329 635 ubi
1350 578 1398 635 est

290 676 358 753 alia,
371 676 443 761 quia
455 687 623 741 servaretur
632 699 743 762 corpus
758 700 829 742 cum
846 701 900 743 sua
911 680 1087 744 extensione
1098 679 1235 745 relativa.
1280 682 1397 745 Secun-

290 788 365 851 dum
380 811 460 866 vero,
475 788 548 873 quia
563 789 589 851 si
604 789 636 852 in
651 789 751 873 primo
766 790 900 874 quodam
915 798 1062 875 tempore,
1078 800 1151 855 utut
1167 791 1260 870 brevi,
1272 816 1396 877 percur-

287 900 366 964 n'tur
381 901 514 985 spatium
529 900 695 981 infinitum,
710 922 774 964 non
790 910 928 986 superest
949 902 1034 965 aliud
1049 904 1183 987 spatium
1198 904 1395 987 percurribile

287 1022 424 1096 tempore
447 1012 551 1076 statim
574 1022 738 1097 sequente:
761 1022 793 1076 et
815 1024 961 1098 practerea
984 1014 1056 1099 quia
1078 1014 1235 1079 infinitum
1258 1016 1392 1100 spatium

287 1145 350 1187 non
370 1132 416 1187 est
436 1147 491 1209 per
513 1133 633 1188 motum
655 1124 876 1209 pertransibile.
922 1124 996 1190 Non
1018 1135 1120 1210 potest
1142 1148 1216 1209 ergo
1234 1128 1327 1191 creari
1347 1128 1392 1191 vis

286 1236 451 1300 materialis
465 1236 615 1300 intensive
630 1244 661 1300 et
676 1236 855 1320 simpliciter
870 1237 999 1301 infinita.

330 1346 552 1412 Concludimus
561 1370 644 1432 ergo,
654 1370 710 1412 nec
719 1370 785 1411 esse
798 1348 832 1411 in
848 1371 950 1413 rerum
966 1358 1077 1413 natura
1091 1347 1169 1413 vires
1184 1349 1343 1415 entitative
1358 1359 1389 1414 et

284 1459 433 1522 intensive
448 1459 594 1539 infinitas,
606 1482 737 1524 necesse
751 1460 920 1543 possibiles.
966 1460 1008 1524 Et
1023 1460 1103 1539 ideo,
1114 1460 1141 1523 si
1151 1482 1211 1544 qua
1223 1460 1389 1526 infinitudo

284 1571 427 1655 potentiae
442 1572 563 1636 motivae
577 1571 699 1636 admitti
714 1570 815 1650 debet,
830 1594 866 1635 ea
880 1594 943 1636 non
958 1580 1006 1635 est
1019 1571 1079 1635 nisi
1101 1571 1226 1637 relativa
1244 1572 1283 1636 ad
1298 1572 1389 1637 dura·

282 1684 397 1748 tionem
419 1684 576 1768 temporis,
591 1683 761 1748 secundum
783 1706 875 1769 quam
898 1683 964 1748 eius
979 1683 1116 1768 operatio
1137 1684 1323 1763 extenditur,
1341 1685 1388 1749 vel

282 1798 484 1881 comparative
499 1796 537 1861 ad
552 1798 687 1861 actiones
702 1796 924 1875 infinitesimas,
941 1819 1017 1882 quas
1031 1804 1148 1861 exercet
1164 1796 1197 1859 in
1206 1797 1336 1861 instanti
1348 1798 1386 1862 ad

279 1907 382 1971 finitas
404 1907 575 1971 distantias.
621 1908 711 1971 Hanc
736 1908 920 1971 infinitatem
942 1907 1118 1971 vocabimus
1140 1908 1386 1973 mathematicam

281 2018 328 2082 vei
342 2019 508 2098 relativam,
532 2019 578 2083 vel
601 2020 692 2084 etiam
715 2019 895 2104 simpliciter
917 2020 1110 2098 infinitatem,
1135 2042 1242 2104 quum,
1262 2030 1335 2103 post
1351 2045 1386 2084 ea

279 2154 347 2215 quae
361 2131 412 2194 hic
426 2129 659 2216 disputavimus,
674 2129 780 2194 nuilus
795 2130 927 2214 supersit
942 2130 1172 2215 aequivocationi
1187 2130 1281 2196 locus.

322 2245 376 2307 66.
400 2242 462 2306 Sed
476 2243 540 2306 haec
554 2242 593 2305 ad
615 2240 792 2306 exercitium
809 2242 883 2305 satis
898 2264 1050 2326 superque
1065 2249 1148 2305 sunt.
1194 2242 1304 2327 ltaque
1312 2265 1383 2327 pro·

277 2354 412 2418 cedendo
433 2354 572 2434 ulterius,
595 2354 742 2439 quaeritur
763 2354 882 2438 quinto,
906 2362 1005 2417 utrum
1019 2378 1107 2417 neam
1129 2355 1298 2419 elementum
1312 2365 1383 2440 apat

277 2468 308 2528 in
323 2468 406 2529 eliud
418 2467 531 2530 distem
546 2467 719 2543 immediate,
734 2488 774 2528 ee
787 2467 984 2530 mediantibus
1000 2466 1068 2529 aliia
1083 2467 1272 2531 intermediis.

321 2578 504 2663 Respondco
524 2578 710 2641 elementum
733 2599 823 2661 agere
845 2600 899 2661 per
921 2600 953 2641 se
969 2588 999 2640 et
1021 2577 1205 2641 immediate.
1252 2578 1312 2641 Res
1333 2588 1379 2642 est

275 2692 457 2768 manifesta,
481 2713 552 2755 nam
568 2690 667 2775 primo
682 2690 761 2752 actio
776 2688 919 2752 elementi
935 2688 1099 2753 materialis
1114 2700 1162 2752 est
1176 2689 1377 2754 locomotiva:

274 2802 319 2866 vis
334 2812 437 2865 autem
451 2802 632 2866 locomotiva
654 2801 798 2885 recipitur
821 2800 853 2863 in
876 2799 1034 2865 elementis
1056 2800 1254 2884 producendo
1276 2801 1308 2863 in
1331 2802 1377 2865 eis

273 2921 392 2976 motum
407 2914 561 2997 passivum
575 2920 758 2977 nouantem
776 2911 878 2975 dando
897 2912 941 2975 eis
961 2911 1095 2996 aliquam
1114 2934 1223 2976 novam
1241 2912 1378 2976 activita-

273 3036 335 3088 tem
350 3025 383 3087 in
399 3024 457 3088 alia
472 3024 630 3089 elementa.
675 3025 759 3108 Ergo
781 3024 860 3088 actio
876 3024 968 3087 unius
983 3023 1125 3087 elementi
1142 3046 1205 3087 non
1220 3024 1375 3087 transfun-

272 3135 357 3198 ditur
370 3136 403 3197 in
425 3134 518 3213 aliud,
533 3144 569 3197 ut
584 3157 620 3197 ex
634 3133 694 3198 alio
716 3134 812 3198 active
835 3134 953 3217 agatin
970 3133 1106 3212 tertium,
1129 3133 1183 3197 sed
1205 3141 1326 3197 tantum
1341 3143 1376 3198 ut

271 3247 301 3309 in
318 3246 377 3309 alio
391 3246 509 3329 passive
524 3245 695 3329 recipiatur,
706 3268 760 3309 seu
770 3254 807 3309 ut
816 3244 900 3309 aliud
912 3244 1090 3328 simpliciter
1100 3245 1373 3329 patiaturmotum.

271 3357 411 3421 Secundo
423 3356 560 3441 potentia
568 3356 681 3420 motiva
696 3365 846 3435 actuatur,
857 3354 930 3419 dum
941 3357 1067 3439 attingit
1078 3356 1236 3419 materiam
1246 3354 1374 3419 alieuius

270 3470 422 3547 elementi,
445 3479 480 3531 ut
496 3476 633 3532 constat:
657 3490 718 3552 quo
740 3469 842 3552 posito
856 3466 910 3531 illa
924 3468 985 3530 iam
1009 3475 1133 3531 nonest
1155 3467 1302 3551 potentia,
1319 3468 1373 3531 sed

270 3593 373 3661 actus,
397 3593 431 3645 ut
458 3592 560 3645 autem
585 3581 721 3665 potentia
747 3579 844 3643 activa
870 3579 1026 3662 attingens
1057 3601 1156 3642 unum
1185 3579 1372 3643 elementum

267 3696 463 3760 transfundat
489 3718 521 3759 se
544 3694 581 3758 de
601 3694 659 3757 hoc
681 3692 832 3756 elemento
850 3692 882 3755 in
905 3690 998 3769 aliud,
1024 3690 1147 3754 deberet
1170 3713 1293 3754 manere
1313 3690 1370 3754 sub

267 3812 385 3873 ratione
407 3807 564 3893 potentiae,
580 3827 642 3868 non
664 3814 750 3868 actus
761 3830 771 3883 3
795 3803 955 3888 siquidem,
978 3811 1013 3866 ut
1029 3802 1166 3865 adalind
1186 3801 1369 3865 movendum

268 3923 428 4001 destinata,
439 3921 538 3985 adhue
553 3926 632 3983 esset
647 3915 807 3980 actuabilis
822 3916 855 3978 in
870 3916 950 3994 alio;
974 3938 1048 3999 ergo
1064 3915 1090 3978 si
1105 3914 1165 3978 iam
1181 3924 1228 3977 est
1249 3922 1370 3977 actuata

266 4037 300 4099 in
315 4035 466 4099 elemento
487 4029 679 4107 intermedio,
702 4027 889 4112 impossibile
910 4037 956 4091 est
979 4037 1014 4090 ut
1037 4035 1177 4092 aetnetur
1199 4026 1368 4091 seeundum

265 4149 347 4212 idem
369 4148 402 4210 in
417 4147 475 4210 alio
498 4144 648 4207 elemento
663 4142 833 4205 remotiore.
879 4140 990 4218 Terti0,
1012 4140 1038 4203 si
1061 4162 1159 4203 unum
1181 4139 1368 4203 elementum

264 4264 293 4325 Α
316 4270 418 4345 ageret
438 4280 493 4343 per
514 4256 598 4320 aliud
615 4256 652 4333 B,
674 4254 860 4317 elementum
880 4253 907 4316 B
931 4252 1062 4331 deberet,
1084 4252 1214 4315 durante
1237 4256 1365 4330 actione,

263 4375 374 4438 habere
396 4378 597 4454 augmentum
621 4368 663 4431 vis
686 4368 807 4431 activae:
831 4364 885 4429 sed
910 4364 1029 4428 nullum
1053 4363 1239 4428 elementum
1265 4372 1365 4448 potest
