3200 4984
200 374 272 417 cnr.
291 354 360 437 ιιι]
542 374 583 417 nu
601 374 804 417 sussranrra
820 373 1001 417 consonas.
1234 354 1298 417 227

185 553 329 627 ¹urgetur
348 543 387 607 ad
405 542 587 629 gyrandum,
603 554 718 627 quanto
739 544 835 609 maior
858 554 914 622 est,
931 545 1049 609 caeteris
1073 544 1207 627 paribus,
1225 553 1299 607 rotae

200 677 310 734 massa,
326 663 412 719 tanto
427 654 540 719 lentius
555 664 586 719 et
601 655 752 719 difficilius
766 656 875 740 incipit
891 657 1012 721 moveri.
1059 656 1152 719 Ratio
1166 665 1212 720 est
1228 656 1302 739 quia

200 766 319 845 tractio,
342 789 434 851 quam
454 775 570 831 exercet
594 790 699 831 saxum
724 790 777 851 per
802 767 908 831 funem
934 768 968 831 in
993 766 1110 851 aliquas
1136 766 1300 830 moleculas

201 877 270 942 funi
284 878 475 945 immediatas
488 878 589 943 tendit
602 878 643 942 ad
661 901 711 943 eas
730 878 910 963 separandas
932 901 950 941 a
972 877 1129 944 moleculis
1146 879 1299 963 sequenti-

201 988 270 1067 bus,
291 998 321 1053 et
348 990 391 1053 sic
412 999 553 1075 provocat
575 991 758 1055 reaetionem
787 992 978 1055 attractivam
1008 989 1225 1056 molecularum
1254 1013 1301 1055 se-

202 1100 363 1185 quentium
385 1101 560 1165 tendentem
581 1101 620 1166 ad
634 1104 892 1167 conservationem
908 1102 1019 1167 debitae
1033 1102 1187 1168 distantiae
1205 1102 1301 1165 mole-

201 1212 322 1278 cularis.
366 1212 408 1277 Et
429 1213 495 1278 haec
515 1213 620 1279 eadem
640 1223 686 1277 est
704 1236 802 1292 causa,
818 1238 883 1293 cur,
899 1214 925 1278 si
940 1216 1009 1299 quis
1024 1214 1096 1279 velit
1112 1236 1206 1277 manu
1220 1223 1301 1278 rota-

202 1325 318 1389 tionem
337 1325 489 1410 inceptam
509 1325 666 1412 impedire,
681 1334 768 1391 tanto
788 1327 934 1391 maiorem
956 1328 1168 1405 resistentiam,
1183 1327 1302 1392 caeteris

203 1437 338 1522 paribus,
353 1438 495 1515 inveniat,
512 1447 628 1523 quanto
649 1438 746 1502 maior
768 1450 815 1503 est
838 1461 936 1503 massa
958 1448 1044 1503 rotae.
1090 1437 1248 1522 Siquidem
1270 1438 1303 1501 in

203 1548 255 1612 illa
269 1548 420 1613 rotatione
433 1570 539 1613 omnes
554 1548 721 1625 moleculas,
737 1572 807 1637 quae
822 1548 949 1613 suntad
969 1548 1103 1633 aliquam
1126 1548 1302 1615 distantiam

204 1660 243 1725 ab
258 1683 322 1740 axe,
337 1661 453 1725 habent
467 1661 600 1745 aliquam
615 1661 825 1739 velocitatem3
848 1684 918 1724 cum
936 1670 1039 1725 autem
1058 1682 1168 1723 manus
1185 1660 1303 1744 aliquas

204 1795 241 1835 ex
263 1772 323 1837 illis
338 1772 404 1836 vult
425 1772 564 1849 retinere,
580 1772 648 1837 aliae
662 1794 767 1835 omnes
782 1772 882 1837 adhuc
898 1782 1010 1855 urgent
1025 1781 1154 1849 motum,
1169 1780 1201 1834 et
1215 1781 1303 1838 tanto

205 1885 315 1968 magis,
330 1892 446 1969 quanto
461 1895 534 1947 aunt
556 1883 668 1968 plures.
715 1884 858 1948 Retinere
878 1894 980 1948 autem
1001 1884 1128 1968 aliquas,
1143 1882 1218 1946 dum
1236 1883 1304 1952 aliae

206 2004 319 2080 urgent
337 2005 466 2075 motum,
482 2003 529 2059 est
550 1995 620 2059 dare
640 1995 741 2059 locum
760 1996 986 2079 compressioni,
1002 2016 1073 2079 quae
1092 2003 1139 2059 est
1153 2017 1244 2058 causa
1257 2018 1303 2064 re-

207 2108 334 2173 actionis
370 2108 403 2171 in
439 2107 632 2171 retinentem.
678 2106 770 2170 Unde
798 2107 831 2169 in
861 2106 1003 2170 omnibus
1027 2106 1077 2170 his
1106 2105 1184 2169 nihil
1212 2106 1305 2171 habet

207 2219 361 2305 agendum
383 2220 493 2286 inertia
513 2219 634 2304 proprie
657 2218 747 2297 dicta,
763 2242 818 2284 seu
839 2220 998 2303 passivitas
1013 2219 1158 2294 materiae,
1174 2218 1224 2281 sed
1241 2227 1306 2281 tota

207 2332 286 2395 ratio
300 2340 346 2397 est
360 2332 394 2395 in
408 2332 518 2397 intimo
533 2354 616 2396 nexu
630 2332 859 2410 molecularum,
874 2354 945 2416 quae
960 2354 992 2395 se
1011 2340 1120 2396 mutuo
1140 2339 1247 2393 tenent
1267 2330 1307 2391 ad

208 2444 386 2508 distantiam
408 2444 582 2529 aequilibri,
597 2466 658 2528 qua
675 2443 822 2508 violenter
837 2453 965 2521 mutata,
981 2444 1059 2506 vires
1083 2442 1217 2526 ipsarum
1242 2463 1306 2503 ces·

208 2564 310 2619 santes
325 2577 390 2619 esse
405 2556 437 2619 in
453 2554 624 2639 aequilibrio
638 2565 730 2638 agent
746 2554 900 2638 adipsum
915 2553 1156 2617 restaurandum.

255 2669 328 2731 133.
352 2668 456 2732 Dices.
478 2666 648 2751 Explicatio
667 2666 737 2731 data
755 2666 839 2729 tollit
859 2665 1050 2730 essentialem
1070 2665 1307 2741 distinctionem,

209 2802 302 2864 quam
328 2779 446 2865 physici
469 2786 589 2864 ponunt
615 2780 695 2843 inter
720 2780 897 2843 conflictum
921 2801 1082 2862 corporum
1108 2777 1254 2842 durorum
1278 2787 1308 2839 et

210 2912 373 2975 corporum
395 2890 597 2955 clasticorum.
643 2888 726 2953 Nam
755 2890 822 2954 haec
845 2889 1005 2973 explicatio
1029 2888 1176 2973 supponit
1205 2889 1309 2951 omnia

212 3025 337 3087 corpora
352 3024 417 3066 esse
432 3002 563 3066 clastica.

207 3164 208 3167 ,
256 3114 439 3199 Respondeo
460 3113 652 3178 concedendo
672 3124 783 3177 totum.
830 3115 922 3192 Nam,
937 3114 1008 3177 licet
1026 3112 1144 3199 physici
1159 3111 1310 3198 dynamici

214 3226 365 3291 deducant
384 3224 531 3289 formulas
554 3248 609 3310 pro
632 3226 776 3289 conflictu
791 3246 952 3309 corporum
967 3224 1104 3290 absolute
1118 3224 1266 3289 durorum
1280 3233 1311 3287 et

213 3361 269 3423 pro
291 3338 435 3403 conflictu
457 3359 618 3422 corporum
641 3338 771 3421 perfecte
794 3337 986 3401 elasticorum
1009 3336 1135 3400 omnino
1158 3335 1289 3400 diversas
1301 3361 1310 3411 3

213 3459 317 3515 tamen
340 3471 445 3513 omnes
467 3449 586 3535 physici
608 3449 744 3513 fatentur
765 3448 886 3513 nullum
909 3472 940 3513 se
955 3448 1184 3533 cognoscerem
1201 3459 1312 3510 natura

215 3586 317 3627 rerum
329 3584 439 3647 corpus
451 3561 587 3625 absolute
603 3561 724 3639 durum,
738 3561 791 3625 sed
807 3562 909 3625 omnia
920 3583 1045 3646 corpora
1058 3559 1170 3625 habere
1180 3559 1313 3644 aliquam

213 3674 436 3752 elasticitatem
453 3672 559 3737 saltem
575 3673 743 3737 minimam.
789 3674 836 3737 Ex
850 3695 911 3758 quo
926 3674 961 3736 fit
976 3682 1011 3736 ut
1026 3671 1156 3736 formula
1169 3692 1226 3756 pro
1240 3692 1312 3733 con-

213 3787 302 3851 flictu
312 3808 471 3871 corporum
482 3785 628 3849 durorum
637 3785 677 3848 sit
685 3784 817 3849 formula
831 3808 908 3869 pure
922 3784 1135 3850 mathematica
1148 3791 1180 3847 et
1194 3781 1312 3847 nullam

220 3898 337 3965 habens
352 3897 585 3983 applicationem
607 3872 774 3981 iigorosam
798 3897 831 3959 in
853 3895 988 3982 physica,
1003 3918 1099 3980 quum
1118 3894 1197 3957 desit
1218 3902 1313 3957 mate-

218 4011 263 4075 ria
277 4012 312 4074 in
332 4032 392 4094 qua
407 4010 542 4094 rigorose
556 4008 737 4073 verificetur.
780 4009 822 4073 llt
838 4008 896 4072 hoc
917 4007 1020 4091 ipsum
1043 4005 1201 4070 confirmat
1220 4004 1313 4089 expli-

217 4122 367 4187 cationem
383 4122 496 4198 datam,
512 4143 581 4205 quae
595 4121 690 4205 exigit
704 4131 739 4184 ut
755 4142 845 4183 omne
860 4142 969 4204 corpus
988 4141 1042 4204 per
1056 4120 1133 4183 vires
1148 4116 1315 4202 repulsivas

218 4235 361 4315 exercitas
382 4234 463 4298 inter
484 4232 648 4298 moleculas
670 4241 701 4297 et
723 4232 887 4297 moleculas
907 4232 1013 4297 tendat
1029 4232 1090 4295 sive
1105 4230 1238 4293 multum
1254 4230 1315 4293 sive

218 4370 325 4431 parum
342 4345 381 4410 ad
396 4345 623 4410 restaurandam
639 4367 724 4414 suam
740 4346 879 4428 liguram.

1087 4460 1142 4521 02
