<?xml version="1.0" encoding="UTF-8"?>
<!DOCTYPE html PUBLIC "-//W3C//DTD XHTML 1.0 Transitional//EN"
    "http://www.w3.org/TR/xhtml1/DTD/xhtml1-transitional.dtd">
<html xmlns="http://www.w3.org/1999/xhtml" xml:lang="en" lang="en">
 <head>
  <title>
</title>
<meta http-equiv="Content-Type" content="text/html;charset=utf-8" />
  <meta name='ocr-system' content='tesseract 3.04.00' />
  <meta name='ocr-capabilities' content='ocr_page ocr_carea ocr_par ocr_line ocrx_word'/>
</head>
<body>
  <div class='ocr_page' id='page_1' title='image "./realisphilosoph00baymgoog_0012.png"; bbox 0 0 3200 4984; ppageno 0'>
   <div class='ocr_carea' id='block_1_1' title="bbox 803 411 838 481">
    <p class='ocr_par' dir='ltr' id='par_1_1' title="bbox 803 411 838 481">
     <span class='ocr_line' id='line_1_1' title="bbox 803 411 838 481; baseline 0 0"><span class='ocrx_word' id='word_1_1' title='bbox 803 411 838 481; x_wconf 91' lang='lat' dir='ltr'>vi</span> 
     </span>
    </p>
   </div>
   <div class='ocr_carea' id='block_1_2' title="bbox 262 607 1370 4435">
    <p class='ocr_par' dir='ltr' id='par_1_2' title="bbox 266 607 1370 828">
     <span class='ocr_line' id='line_1_2' title="bbox 267 607 1370 704; baseline 0 -25"><span class='ocrx_word' id='word_1_2' title='bbox 267 607 503 704; x_wconf 89' lang='lat' dir='ltr'>losophorum</span> <span class='ocrx_word' id='word_1_3' title='bbox 521 607 726 696; x_wconf 80' lang='lat' dir='ltr'><strong>necessitas,</strong></span> <span class='ocrx_word' id='word_1_4' title='bbox 748 610 795 681; x_wconf 93' lang='lat' dir='ltr'>ad</span> <span class='ocrx_word' id='word_1_5' title='bbox 820 608 1043 680; x_wconf 87' lang='lat' dir='ltr'>reddendam</span> <span class='ocrx_word' id='word_1_6' title='bbox 1060 610 1106 681; x_wconf 91' lang='lat' dir='ltr'>de</span> <span class='ocrx_word' id='word_1_7' title='bbox 1124 608 1243 703; x_wconf 89' lang='lat' dir='ltr'>prima</span> <span class='ocrx_word' id='word_1_8' title='bbox 1259 608 1370 681; x_wconf 88' lang='lat' dir='ltr'>huius</span> 
     </span>
     <span class='ocr_line' id='line_1_3' title="bbox 266 732 1220 828; baseline 0.001 -25"><span class='ocrx_word' id='word_1_9' title='bbox 266 732 385 827; x_wconf 91' lang='lat' dir='ltr'>operis</span> <span class='ocrx_word' id='word_1_10' title='bbox 402 741 506 828; x_wconf 91' lang='lat' dir='ltr'>parte</span> <span class='ocrx_word' id='word_1_11' title='bbox 522 733 702 806; x_wconf 91' lang='lat' dir='ltr'>rationem</span> <span class='ocrx_word' id='word_1_12' title='bbox 719 732 935 828; x_wconf 91' lang='lat' dir='ltr'>ampliorem</span> <span class='ocrx_word' id='word_1_13' title='bbox 951 732 1220 827; x_wconf 84' lang='lat' dir='ltr'>compellerent.</span> 
     </span>
    </p>

    <p class='ocr_par' dir='ltr' id='par_1_3' title="bbox 262 856 1370 4167">
     <span class='ocr_line' id='line_1_4' title="bbox 317 856 1368 951; baseline 0.002 -23"><span class='ocrx_word' id='word_1_14' title='bbox 317 856 505 936; x_wconf 84' lang='lat' dir='ltr'>Quamdiu</span> <span class='ocrx_word' id='word_1_15' title='bbox 534 856 756 951; x_wconf 77' lang='lat' dir='ltr'><strong>philosophi,</strong></span> <span class='ocrx_word' id='word_1_16' title='bbox 785 857 1023 930; x_wconf 71' lang='lat' dir='ltr'>Aristotelem</span> <span class='ocrx_word' id='word_1_17' title='bbox 1050 858 1207 950; x_wconf 90' lang='lat' dir='ltr'>sequuti,</span> <span class='ocrx_word' id='word_1_18' title='bbox 1238 858 1368 930; x_wconf 92' lang='lat' dir='ltr'>veteris</span> 
     </span>
     <span class='ocr_line' id='line_1_5' title="bbox 268 979 1369 1075; baseline 0.002 -25"><span class='ocrx_word' id='word_1_19' title='bbox 268 979 425 1075; x_wconf 89' lang='lat' dir='ltr'>physicae</span> <span class='ocrx_word' id='word_1_20' title='bbox 442 980 612 1054; x_wconf 90' lang='lat' dir='ltr'>cancellis</span> <span class='ocrx_word' id='word_1_21' title='bbox 630 980 793 1054; x_wconf 80' lang='lat' dir='ltr'>contenti</span> <span class='ocrx_word' id='word_1_22' title='bbox 810 979 924 1068; x_wconf 82' lang='lat' dir='ltr'>ibere,</span> <span class='ocrx_word' id='word_1_23' title='bbox 942 981 1039 1054; x_wconf 91' lang='lat' dir='ltr'>inter</span> <span class='ocrx_word' id='word_1_24' title='bbox 1054 980 1269 1054; x_wconf 71' lang='lat' dir='ltr'>letiusculas</span> <span class='ocrx_word' id='word_1_25' title='bbox 1285 980 1369 1053; x_wconf 90' lang='lat' dir='ltr'>lites</span> 
     </span>
     <span class='ocr_line' id='line_1_6' title="bbox 267 1104 1367 1202; baseline 0.001 -26"><span class='ocrx_word' id='word_1_26' title='bbox 267 1105 353 1176; x_wconf 90' lang='lat' dir='ltr'>satis</span> <span class='ocrx_word' id='word_1_27' title='bbox 370 1104 537 1200; x_wconf 89' lang='lat' dir='ltr'>pacificos</span> <span class='ocrx_word' id='word_1_28' title='bbox 559 1107 717 1202; x_wconf 82' lang='lat' dir='ltr'>agebant</span> <span class='ocrx_word' id='word_1_29' title='bbox 740 1106 828 1178; x_wconf 91' lang='lat' dir='ltr'>dies.</span> <span class='ocrx_word' id='word_1_30' title='bbox 880 1106 944 1194; x_wconf 87' lang='lat' dir='ltr'>At,</span> <span class='ocrx_word' id='word_1_31' title='bbox 963 1113 1157 1200; x_wconf 86' lang='lat' dir='ltr'>postquam</span> <span class='ocrx_word' id='word_1_32' title='bbox 1179 1105 1367 1192; x_wconf 86' lang='lat' dir='ltr'>Galilaeus,</span> 
     </span>
     <span class='ocr_line' id='line_1_7' title="bbox 266 1230 1367 1326; baseline 0.001 -26"><span class='ocrx_word' id='word_1_33' title='bbox 266 1236 304 1301; x_wconf 92' lang='lat' dir='ltr'>et</span> <span class='ocrx_word' id='word_1_34' title='bbox 320 1231 488 1318; x_wconf 85' lang='lat' dir='ltr'>Newton,</span> <span class='ocrx_word' id='word_1_35' title='bbox 499 1238 537 1303; x_wconf 92' lang='lat' dir='ltr'>et</span> <span class='ocrx_word' id='word_1_36' title='bbox 550 1231 613 1303; x_wconf 89' lang='lat' dir='ltr'>alii</span> <span class='ocrx_word' id='word_1_37' title='bbox 630 1230 790 1302; x_wconf 86' lang='lat' dir='ltr'>illustres</span> <span class='ocrx_word' id='word_1_38' title='bbox 807 1230 874 1303; x_wconf 90' lang='lat' dir='ltr'>viri</span> <span class='ocrx_word' id='word_1_39' title='bbox 891 1253 985 1302; x_wconf 87' lang='lat' dir='ltr'>nova</span> <span class='ocrx_word' id='word_1_40' title='bbox 1000 1230 1160 1326; x_wconf 78' lang='lat' dir='ltr'>physica</span> <span class='ocrx_word' id='word_1_41' title='bbox 1177 1231 1367 1326; x_wconf 87' lang='lat' dir='ltr'>principia,</span> 
     </span>
     <span class='ocr_line' id='line_1_8' title="bbox 266 1354 1370 1452; baseline 0.003 -27"><span class='ocrx_word' id='word_1_42' title='bbox 266 1354 514 1449; x_wconf 85' lang='lat' dir='ltr'>peripateticis</span> <span class='ocrx_word' id='word_1_43' title='bbox 533 1354 810 1441; x_wconf 86' lang='lat' dir='ltr'>reluctantibus,</span> <span class='ocrx_word' id='word_1_44' title='bbox 834 1355 1062 1442; x_wconf 76' lang='lat' dir='ltr'>invexerrmt,</span> <span class='ocrx_word' id='word_1_45' title='bbox 1086 1355 1215 1452; x_wconf 91' lang='lat' dir='ltr'>ingens</span> <span class='ocrx_word' id='word_1_46' title='bbox 1235 1354 1370 1428; x_wconf 86' lang='lat' dir='ltr'>exarsit</span> 
     </span>
     <span class='ocr_line' id='line_1_9' title="bbox 266 1477 1369 1575; baseline 0.002 -25"><span class='ocrx_word' id='word_1_47' title='bbox 266 1478 461 1552; x_wconf 88' lang='lat' dir='ltr'>discordia:</span> <span class='ocrx_word' id='word_1_48' title='bbox 489 1477 753 1574; x_wconf 79' lang='lat' dir='ltr'>longarumque</span> <span class='ocrx_word' id='word_1_49' title='bbox 764 1479 996 1572; x_wconf 86' lang='lat' dir='ltr'>querelarum</span> <span class='ocrx_word' id='word_1_50' title='bbox 1013 1478 1179 1552; x_wconf 86' lang='lat' dir='ltr'>fomitem</span> <span class='ocrx_word' id='word_1_51' title='bbox 1190 1504 1274 1552; x_wconf 89' lang='lat' dir='ltr'>cum</span> <span class='ocrx_word' id='word_1_52' title='bbox 1290 1503 1369 1575; x_wconf 85' lang='lat' dir='ltr'>gra·</span> 
     </span>
     <span class='ocr_line' id='line_1_10' title="bbox 264 1602 1369 1698; baseline -0.002 -23"><span class='ocrx_word' id='word_1_53' title='bbox 264 1602 409 1676; x_wconf 85' lang='lat' dir='ltr'>vissimo</span> <span class='ocrx_word' id='word_1_54' title='bbox 427 1604 602 1676; x_wconf 86' lang='lat' dir='ltr'>universae</span> <span class='ocrx_word' id='word_1_55' title='bbox 619 1602 861 1698; x_wconf 85' lang='lat' dir='ltr'>philosophiae</span> <span class='ocrx_word' id='word_1_56' title='bbox 874 1604 1008 1675; x_wconf 92' lang='lat' dir='ltr'>damno</span> <span class='ocrx_word' id='word_1_57' title='bbox 1026 1603 1287 1676; x_wconf 88' lang='lat' dir='ltr'>alterutrorum</span> <span class='ocrx_word' id='word_1_58' title='bbox 1304 1626 1369 1674; x_wconf 91' lang='lat' dir='ltr'>seu</span> 
     </span>
     <span class='ocr_line' id='line_1_11' title="bbox 265 1726 1369 1820; baseline -0.005 -19"><span class='ocrx_word' id='word_1_59' title='bbox 265 1729 496 1815; x_wconf 87' lang='lat' dir='ltr'>confidentia,</span> <span class='ocrx_word' id='word_1_60' title='bbox 514 1751 578 1800; x_wconf 89' lang='lat' dir='ltr'>seu</span> <span class='ocrx_word' id='word_1_61' title='bbox 604 1728 800 1800; x_wconf 88' lang='lat' dir='ltr'>obstinatio</span> <span class='ocrx_word' id='word_1_62' title='bbox 824 1728 968 1800; x_wconf 86' lang='lat' dir='ltr'>creavit.</span> <span class='ocrx_word' id='word_1_63' title='bbox 1023 1728 1197 1800; x_wconf 87' lang='lat' dir='ltr'>Movebat</span> <span class='ocrx_word' id='word_1_64' title='bbox 1214 1750 1286 1814; x_wconf 93' lang='lat' dir='ltr'>eos,</span> <span class='ocrx_word' id='word_1_65' title='bbox 1304 1726 1369 1820; x_wconf 93' lang='lat' dir='ltr'>qui</span> 
     </span>
     <span class='ocr_line' id='line_1_12' title="bbox 265 1851 1368 1947; baseline -0.002 -23"><span class='ocrx_word' id='word_1_66' title='bbox 265 1851 311 1924; x_wconf 89' lang='lat' dir='ltr'>ab</span> <span class='ocrx_word' id='word_1_67' title='bbox 342 1851 542 1925; x_wconf 89' lang='lat' dir='ltr'>Aristotele</span> <span class='ocrx_word' id='word_1_68' title='bbox 572 1852 818 1938; x_wconf 87' lang='lat' dir='ltr'>discedebant,</span> <span class='ocrx_word' id='word_1_69' title='bbox 855 1852 1081 1947; x_wconf 88' lang='lat' dir='ltr'>experientia</span> <span class='ocrx_word' id='word_1_70' title='bbox 1109 1876 1243 1939; x_wconf 91' lang='lat' dir='ltr'>rerum,</span> <span class='ocrx_word' id='word_1_71' title='bbox 1278 1875 1368 1944; x_wconf 88' lang='lat' dir='ltr'>quas</span> 
     </span>
     <span class='ocr_line' id='line_1_13' title="bbox 264 1974 1368 2073; baseline -0.001 -25"><span class='ocrx_word' id='word_1_72' title='bbox 264 1978 491 2070; x_wconf 85' lang='lat' dir='ltr'>usurpabant</span> <span class='ocrx_word' id='word_1_73' title='bbox 518 1974 642 2061; x_wconf 88' lang='lat' dir='ltr'>oculis,</span> <span class='ocrx_word' id='word_1_74' title='bbox 674 2000 785 2048; x_wconf 91' lang='lat' dir='ltr'>manu</span> <span class='ocrx_word' id='word_1_75' title='bbox 815 1977 1026 2073; x_wconf 88' lang='lat' dir='ltr'>tangebant,</span> <span class='ocrx_word' id='word_1_76' title='bbox 1056 1977 1233 2049; x_wconf 89' lang='lat' dir='ltr'>accuratis</span> <span class='ocrx_word' id='word_1_77' title='bbox 1259 1975 1368 2048; x_wconf 90' lang='lat' dir='ltr'>ratio·</span> 
     </span>
     <span class='ocr_line' id='line_1_14' title="bbox 265 2097 1368 2195; baseline 0.002 -25"><span class='ocrx_word' id='word_1_78' title='bbox 265 2100 370 2172; x_wconf 89' lang='lat' dir='ltr'>ciniis</span> <span class='ocrx_word' id='word_1_79' title='bbox 398 2099 642 2186; x_wconf 89' lang='lat' dir='ltr'>vindicabant,</span> <span class='ocrx_word' id='word_1_80' title='bbox 674 2099 878 2172; x_wconf 88' lang='lat' dir='ltr'>matheseos</span> <span class='ocrx_word' id='word_1_81' title='bbox 909 2123 978 2195; x_wconf 92' lang='lat' dir='ltr'>ope</span> <span class='ocrx_word' id='word_1_82' title='bbox 1009 2097 1290 2172; x_wconf 72' lang='lat' dir='ltr'>consumebant:</span> <span class='ocrx_word' id='word_1_83' title='bbox 1329 2108 1368 2172; x_wconf 94' lang='lat' dir='ltr'>at</span> 
     </span>
     <span class='ocr_line' id='line_1_15' title="bbox 262 2223 1366 2320; baseline 0.002 -26"><span class='ocrx_word' id='word_1_84' title='bbox 262 2223 490 2312; x_wconf 42' lang='lat' dir='ltr'>‘Scholastici</span> <span class='ocrx_word' id='word_1_85' title='bbox 520 2231 562 2296; x_wconf 88' lang='lat' dir='ltr'>ut</span> <span class='ocrx_word' id='word_1_86' title='bbox 591 2225 726 2317; x_wconf 90' lang='lat' dir='ltr'>quibus</span> <span class='ocrx_word' id='word_1_87' title='bbox 753 2224 894 2297; x_wconf 81' lang='lat' dir='ltr'>novitas</span> <span class='ocrx_word' id='word_1_88' title='bbox 924 2224 1042 2296; x_wconf 89' lang='lat' dir='ltr'>omnis</span> <span class='ocrx_word' id='word_1_89' title='bbox 1069 2232 1236 2320; x_wconf 88' lang='lat' dir='ltr'>suspecta</span> <span class='ocrx_word' id='word_1_90' title='bbox 1262 2234 1366 2311; x_wconf 90' lang='lat' dir='ltr'>esset,</span> 
     </span>
     <span class='ocr_line' id='line_1_16' title="bbox 263 2348 1366 2444; baseline -0.001 -24"><span class='ocrx_word' id='word_1_91' title='bbox 263 2349 401 2442; x_wconf 91' lang='lat' dir='ltr'>quique</span> <span class='ocrx_word' id='word_1_92' title='bbox 423 2349 547 2422; x_wconf 91' lang='lat' dir='ltr'>doceri</span> <span class='ocrx_word' id='word_1_93' title='bbox 575 2374 613 2421; x_wconf 90' lang='lat' dir='ltr'>se</span> <span class='ocrx_word' id='word_1_94' title='bbox 640 2357 766 2421; x_wconf 89' lang='lat' dir='ltr'>contra</span> <span class='ocrx_word' id='word_1_95' title='bbox 786 2348 1025 2421; x_wconf 87' lang='lat' dir='ltr'>Aristotelem</span> <span class='ocrx_word' id='word_1_96' title='bbox 1045 2373 1120 2421; x_wconf 93' lang='lat' dir='ltr'>non</span> <span class='ocrx_word' id='word_1_97' title='bbox 1143 2356 1366 2444; x_wconf 90' lang='lat' dir='ltr'>paterentur,</span> 
     </span>
     <span class='ocr_line' id='line_1_17' title="bbox 264 2469 1367 2568; baseline 0.002 -24"><span class='ocrx_word' id='word_1_98' title='bbox 264 2472 464 2568; x_wconf 84' lang='lat' dir='ltr'>profundas</span> <span class='ocrx_word' id='word_1_99' title='bbox 480 2473 752 2546; x_wconf 87' lang='lat' dir='ltr'>lucubrationes</span> <span class='ocrx_word' id='word_1_100' title='bbox 770 2474 816 2545; x_wconf 94' lang='lat' dir='ltr'>ab</span> <span class='ocrx_word' id='word_1_101' title='bbox 834 2474 891 2545; x_wconf 91' lang='lat' dir='ltr'>his</span> <span class='ocrx_word' id='word_1_102' title='bbox 909 2469 1250 2545; x_wconf 64' lang='lat' dir='ltr'>amore&#39;concordiae</span> <span class='ocrx_word' id='word_1_103' title='bbox 1267 2474 1367 2546; x_wconf 92' lang='lat' dir='ltr'>iden·</span> 
     </span>
     <span class='ocr_line' id='line_1_18' title="bbox 263 2598 1367 2693; baseline -0.001 -23"><span class='ocrx_word' id='word_1_104' title='bbox 263 2599 379 2671; x_wconf 86' lang='lat' dir='ltr'>tidem</span> <span class='ocrx_word' id='word_1_105' title='bbox 396 2599 616 2693; x_wconf 90' lang='lat' dir='ltr'>conscriptas</span> <span class='ocrx_word' id='word_1_106' title='bbox 634 2599 767 2693; x_wconf 89' lang='lat' dir='ltr'>partim</span> <span class='ocrx_word' id='word_1_107' title='bbox 786 2604 1028 2684; x_wconf 88' lang='lat' dir='ltr'>contemnere,</span> <span class='ocrx_word' id='word_1_108' title='bbox 1056 2599 1190 2693; x_wconf 89' lang='lat' dir='ltr'>partim</span> <span class='ocrx_word' id='word_1_109' title='bbox 1213 2598 1367 2670; x_wconf 92' lang='lat' dir='ltr'>auctori·</span> 
     </span>
     <span class='ocr_line' id='line_1_19' title="bbox 264 2722 1363 2817; baseline 0 -21"><span class='ocrx_word' id='word_1_110' title='bbox 264 2731 340 2796; x_wconf 90' lang='lat' dir='ltr'>tate</span> <span class='ocrx_word' id='word_1_111' title='bbox 357 2726 562 2810; x_wconf 91' lang='lat' dir='ltr'>retundere,</span> <span class='ocrx_word' id='word_1_112' title='bbox 577 2748 688 2817; x_wconf 90' lang='lat' dir='ltr'>quam</span> <span class='ocrx_word' id='word_1_113' title='bbox 699 2724 892 2796; x_wconf 91' lang='lat' dir='ltr'>ratiocinio</span> <span class='ocrx_word' id='word_1_114' title='bbox 903 2722 1070 2796; x_wconf 85' lang='lat' dir='ltr'>refellere</span> <span class='ocrx_word' id='word_1_115' title='bbox 1089 2724 1200 2795; x_wconf 87' lang='lat' dir='ltr'>satius</span> <span class='ocrx_word' id='word_1_116' title='bbox 1217 2725 1363 2796; x_wconf 88' lang='lat' dir='ltr'>duxere.</span> 
     </span>
     <span class='ocr_line' id='line_1_20' title="bbox 263 2847 1366 2945; baseline 0 -27"><span class='ocrx_word' id='word_1_117' title='bbox 263 2847 523 2935; x_wconf 85' lang='lat' dir='ltr'>Quamobrem,</span> <span class='ocrx_word' id='word_1_118' title='bbox 542 2849 717 2943; x_wconf 88' lang='lat' dir='ltr'>separatis</span> <span class='ocrx_word' id='word_1_119' title='bbox 735 2849 852 2945; x_wconf 85' lang='lat' dir='ltr'>magis</span> <span class='ocrx_word' id='word_1_120' title='bbox 865 2849 1053 2944; x_wconf 89' lang='lat' dir='ltr'>magisque</span> <span class='ocrx_word' id='word_1_121' title='bbox 1067 2847 1207 2930; x_wconf 90' lang='lat' dir='ltr'>studiis,</span> <span class='ocrx_word' id='word_1_122' title='bbox 1225 2847 1366 2942; x_wconf 88' lang='lat' dir='ltr'>peripa-</span> 
     </span>
     <span class='ocr_line' id='line_1_21' title="bbox 265 2972 1366 3066; baseline 0 -22"><span class='ocrx_word' id='word_1_123' title='bbox 265 2972 365 3044; x_wconf 92' lang='lat' dir='ltr'>tetici</span> <span class='ocrx_word' id='word_1_124' title='bbox 383 2974 542 3066; x_wconf 91' lang='lat' dir='ltr'>quidem,</span> <span class='ocrx_word' id='word_1_125' title='bbox 554 2982 598 3044; x_wconf 91' lang='lat' dir='ltr'>ut</span> <span class='ocrx_word' id='word_1_126' title='bbox 610 2981 741 3045; x_wconf 91' lang='lat' dir='ltr'>notum</span> <span class='ocrx_word' id='word_1_127' title='bbox 762 2982 828 3060; x_wconf 88' lang='lat' dir='ltr'>est,</span> <span class='ocrx_word' id='word_1_128' title='bbox 847 2974 1029 3046; x_wconf 90' lang='lat' dir='ltr'>mordicus</span> <span class='ocrx_word' id='word_1_129' title='bbox 1045 2974 1085 3045; x_wconf 94' lang='lat' dir='ltr'>in</span> <span class='ocrx_word' id='word_1_130' title='bbox 1102 2996 1168 3044; x_wconf 89' lang='lat' dir='ltr'>sua</span> <span class='ocrx_word' id='word_1_131' title='bbox 1185 2973 1366 3044; x_wconf 89' lang='lat' dir='ltr'>sententia</span> 
     </span>
     <span class='ocr_line' id='line_1_22' title="bbox 264 3096 1365 3192; baseline -0.001 -23"><span class='ocrx_word' id='word_1_132' title='bbox 264 3096 512 3192; x_wconf 90' lang='lat' dir='ltr'>perstiterunt,</span> <span class='ocrx_word' id='word_1_133' title='bbox 543 3120 669 3169; x_wconf 93' lang='lat' dir='ltr'>eorum</span> <span class='ocrx_word' id='word_1_134' title='bbox 697 3121 781 3170; x_wconf 88' lang='lat' dir='ltr'>vero</span> <span class='ocrx_word' id='word_1_135' title='bbox 810 3097 1014 3184; x_wconf 90' lang='lat' dir='ltr'>adversarii,</span> <span class='ocrx_word' id='word_1_136' title='bbox 1043 3096 1177 3189; x_wconf 90' lang='lat' dir='ltr'>quibus</span> <span class='ocrx_word' id='word_1_137' title='bbox 1206 3121 1299 3168; x_wconf 89' lang='lat' dir='ltr'>nova</span> <span class='ocrx_word' id='word_1_138' title='bbox 1325 3098 1365 3168; x_wconf 92' lang='lat' dir='ltr'>in</span> 
     </span>
     <span class='ocr_line' id='line_1_23' title="bbox 264 3200 1367 3318; baseline 0.001 -27"><span class='ocrx_word' id='word_1_139' title='bbox 264 3221 342 3292; x_wconf 86' lang='lat' dir='ltr'>dies</span> <span class='ocrx_word' id='word_1_140' title='bbox 359 3200 577 3293; x_wconf 87' lang='lat' dir='ltr'>offerebatur</span> <span class='ocrx_word' id='word_1_141' title='bbox 595 3245 696 3318; x_wconf 89' lang='lat' dir='ltr'>seges</span> <span class='ocrx_word' id='word_1_142' title='bbox 713 3222 908 3294; x_wconf 87' lang='lat' dir='ltr'>veritatum</span> <span class='ocrx_word' id='word_1_143' title='bbox 930 3220 1164 3307; x_wconf 89' lang='lat' dir='ltr'>naturalium,</span> <span class='ocrx_word' id='word_1_144' title='bbox 1190 3221 1367 3316; x_wconf 89' lang='lat' dir='ltr'>neglectis</span> 
     </span>
     <span class='ocr_line' id='line_1_24' title="bbox 262 3344 1365 3443; baseline 0 -27"><span class='ocrx_word' id='word_1_145' title='bbox 262 3344 419 3417; x_wconf 87' lang='lat' dir='ltr'>vicissim</span> <span class='ocrx_word' id='word_1_146' title='bbox 436 3346 492 3432; x_wconf 91' lang='lat' dir='ltr'>iis,</span> <span class='ocrx_word' id='word_1_147' title='bbox 516 3371 538 3417; x_wconf 91' lang='lat' dir='ltr'>a</span> <span class='ocrx_word' id='word_1_148' title='bbox 555 3346 689 3439; x_wconf 92' lang='lat' dir='ltr'>quibus</span> <span class='ocrx_word' id='word_1_149' title='bbox 711 3347 1015 3443; x_wconf 91' lang='lat' dir='ltr'>despiciebantur,</span> <span class='ocrx_word' id='word_1_150' title='bbox 1030 3355 1171 3417; x_wconf 80' lang='lat' dir='ltr'>&#39;novum</span> <span class='ocrx_word' id='word_1_151' title='bbox 1187 3344 1365 3417; x_wconf 90' lang='lat' dir='ltr'>naturalis</span> 
     </span>
     <span class='ocr_line' id='line_1_25' title="bbox 263 3470 1365 3567; baseline 0 -25"><span class='ocrx_word' id='word_1_152' title='bbox 263 3470 505 3567; x_wconf 76' lang='lat' dir='ltr'>philosophia</span> <span class='ocrx_word' id='word_1_153' title='bbox 530 3472 724 3544; x_wconf 87' lang='lat' dir='ltr'>aedificium</span> <span class='ocrx_word' id='word_1_154' title='bbox 750 3479 944 3545; x_wconf 88' lang='lat' dir='ltr'>erexerunt</span> <span class='ocrx_word' id='word_1_155' title='bbox 970 3480 1073 3543; x_wconf 77' lang='lat' dir='ltr'>extra</span> <span class='ocrx_word' id='word_1_156' title='bbox 1094 3471 1185 3543; x_wconf 92' lang='lat' dir='ltr'>fines</span> <span class='ocrx_word' id='word_1_157' title='bbox 1203 3472 1365 3543; x_wconf 91' lang='lat' dir='ltr'>aristote-</span> 
     </span>
     <span class='ocr_line' id='line_1_26' title="bbox 262 3576 1363 3690; baseline 0.002 -25"><span class='ocrx_word' id='word_1_158' title='bbox 262 3594 371 3667; x_wconf 90' lang='lat' dir='ltr'>licos:</span> <span class='ocrx_word' id='word_1_159' title='bbox 409 3596 524 3668; x_wconf 91' lang='lat' dir='ltr'>donec</span> <span class='ocrx_word' id='word_1_160' title='bbox 558 3576 810 3668; x_wconf 90' lang='lat' dir='ltr'>Rationalistis</span> <span class='ocrx_word' id='word_1_161' title='bbox 838 3604 948 3688; x_wconf 91' lang='lat' dir='ltr'>atque</span> <span class='ocrx_word' id='word_1_162' title='bbox 975 3594 1173 3667; x_wconf 88' lang='lat' dir='ltr'>incredulis</span> <span class='ocrx_word' id='word_1_163' title='bbox 1203 3595 1363 3690; x_wconf 89' lang='lat' dir='ltr'>perfidiae</span> 
     </span>
     <span class='ocr_line' id='line_1_27' title="bbox 264 3719 1364 3817; baseline 0 -25"><span class='ocrx_word' id='word_1_164' title='bbox 264 3721 488 3793; x_wconf 91' lang='lat' dir='ltr'>occasionem</span> <span class='ocrx_word' id='word_1_165' title='bbox 517 3721 802 3817; x_wconf 86' lang='lat' dir='ltr'>opperientibus,</span> <span class='ocrx_word' id='word_1_166' title='bbox 834 3730 872 3792; x_wconf 92' lang='lat' dir='ltr'>et</span> <span class='ocrx_word' id='word_1_167' title='bbox 905 3719 1089 3792; x_wconf 87' lang='lat' dir='ltr'>naturales</span> <span class='ocrx_word' id='word_1_168' title='bbox 1124 3719 1292 3793; x_wconf 89' lang='lat' dir='ltr'>scientias</span> <span class='ocrx_word' id='word_1_169' title='bbox 1325 3721 1364 3792; x_wconf 93' lang='lat' dir='ltr'>in</span> 
     </span>
     <span class='ocr_line' id='line_1_28' title="bbox 263 3843 1369 3940; baseline -0.002 -23"><span class='ocrx_word' id='word_1_170' title='bbox 263 3844 549 3940; x_wconf 88' lang='lat' dir='ltr'>metaphysicam</span> <span class='ocrx_word' id='word_1_171' title='bbox 578 3843 831 3917; x_wconf 84' lang='lat' dir='ltr'>fraudulenter</span> <span class='ocrx_word' id='word_1_172' title='bbox 857 3845 1129 3938; x_wconf 67' lang='lat' dir='ltr'>torquentibus,⁴</span> <span class='ocrx_word' id='word_1_173' title='bbox 1153 3868 1219 3940; x_wconf 95' lang='lat' dir='ltr'>per</span> <span class='ocrx_word' id='word_1_174' title='bbox 1248 3849 1369 3915; x_wconf 86' lang='lat' dir='ltr'>totam-</span> 
     </span>
     <span class='ocr_line' id='line_1_29' title="bbox 262 3967 1364 4065; baseline -0.002 -23"><span class='ocrx_word' id='word_1_175' title='bbox 262 3969 377 4042; x_wconf 83' lang='lat' dir='ltr'>ferme</span> <span class='ocrx_word' id='word_1_176' title='bbox 394 3970 580 4065; x_wconf 89' lang='lat' dir='ltr'>Europam</span> <span class='ocrx_word' id='word_1_177' title='bbox 598 3968 783 4042; x_wconf 87' lang='lat' dir='ltr'>severioris</span> <span class='ocrx_word' id='word_1_178' title='bbox 800 3969 1042 4064; x_wconf 85' lang='lat' dir='ltr'>philosophiae</span> <span class='ocrx_word' id='word_1_179' title='bbox 1059 3967 1222 4040; x_wconf 91' lang='lat' dir='ltr'>studium</span> <span class='ocrx_word' id='word_1_180' title='bbox 1233 3969 1364 4040; x_wconf 92' lang='lat' dir='ltr'>misere</span> 
     </span>
     <span class='ocr_line' id='line_1_30' title="bbox 264 4095 515 4167; baseline -0.012 0"><span class='ocrx_word' id='word_1_181' title='bbox 264 4095 515 4167; x_wconf 89' lang='lat' dir='ltr'>collaberetur.</span> 
     </span>
    </p>

    <p class='ocr_par' dir='ltr' id='par_1_4' title="bbox 264 4215 1369 4435">
     <span class='ocr_line' id='line_1_31' title="bbox 313 4215 1364 4315; baseline -0.002 -25"><span class='ocrx_word' id='word_1_182' title='bbox 313 4218 562 4290; x_wconf 88' lang='lat' dir='ltr'>Reviviscente</span> <span class='ocrx_word' id='word_1_183' title='bbox 579 4224 662 4311; x_wconf 90' lang='lat' dir='ltr'>post</span> <span class='ocrx_word' id='word_1_184' title='bbox 685 4225 825 4315; x_wconf 84' lang='lat' dir='ltr'>tantam</span> <span class='ocrx_word' id='word_1_185' title='bbox 846 4216 1091 4289; x_wconf 88' lang='lat' dir='ltr'>calamitatem</span> <span class='ocrx_word' id='word_1_186' title='bbox 1117 4215 1364 4311; x_wconf 86' lang='lat' dir='ltr'>profundioris</span> 
     </span>
     <span class='ocr_line' id='line_1_32' title="bbox 264 4340 1369 4435; baseline -0.002 -23"><span class='ocrx_word' id='word_1_187' title='bbox 264 4341 421 4416; x_wconf 86' lang='lat' dir='ltr'>scientiae</span> <span class='ocrx_word' id='word_1_188' title='bbox 440 4341 629 4428; x_wconf 69' lang='lat' dir='ltr'>desiderio</span> <span class='ocrx_word' id='word_1_189' title='bbox 649 4348 686 4414; x_wconf 91' lang='lat' dir='ltr'>et</span> <span class='ocrx_word' id='word_1_190' title='bbox 702 4341 916 4412; x_wconf 88' lang='lat' dir='ltr'>necessitate</span> <span class='ocrx_word' id='word_1_191' title='bbox 932 4341 1012 4435; x_wconf 88' lang='lat' dir='ltr'>ipsa</span> <span class='ocrx_word' id='word_1_192' title='bbox 1030 4341 1157 4412; x_wconf 92' lang='lat' dir='ltr'>tuendi</span> <span class='ocrx_word' id='word_1_193' title='bbox 1174 4340 1369 4413; x_wconf 85' lang='lat' dir='ltr'>veritatem-</span> 
     </span>
    </p>
   </div>
   <div class='ocr_carea' id='block_1_3' title="bbox 0 0 1604 4984">
    <p class='ocr_par' dir='ltr' id='par_1_5' title="bbox 0 0 1604 4984">
     <span class='ocr_line' id='line_1_33' title="bbox 0 0 1604 4984; baseline 0 1"><span class='ocrx_word' id='word_1_194' title='bbox 0 0 1604 4984; x_wconf 95' lang='lat' dir='ltr'> </span> 
     </span>
    </p>
   </div>
  </div>
 </body>
</html>
