3200 4984
205 404 279 448 cnr.
298 386 352 469 ιι]
535 406 576 450 ns
593 404 796 450 sunsrsurm
812 404 996 447 corrosas.
1249 388 1311 449 179

120 640 124 649 ,
208 579 334 643 diversis
349 587 402 643 ant
418 579 534 643 diversa
549 580 745 664 proportione
755 578 937 663 aliquorum.
983 578 1024 641 llt
1036 580 1174 664 quamvis
1185 579 1309 642 diversi-

207 700 255 755 tas
271 690 491 755 elementorum
510 699 651 775 respectu
670 689 841 767 constituti,
857 690 941 774 quod
955 698 1001 753 est
1021 689 1178 768 molmula,
1202 689 1312 755 habeat

207 826 240 867 se
257 803 460 883 materialiter,
475 809 579 867 tamen
596 812 736 887 respectu
750 800 888 865 ciusdem
904 800 1059 865 moleoulae
1068 811 1103 865 ut
1114 811 1160 865 cst
1169 802 1312 885 substan-

207 915 261 993 tia,
277 916 392 980 habent
407 939 440 981 se
461 917 553 981 ctiam
568 916 754 980 formaliter:
779 913 862 978 unde
876 912 909 976 in
932 913 1031 977 forma
1050 912 1129 999 resp.
1145 915 1213 979 dist.
1230 916 1311 980 Mai.

208 1027 365 1092 moleculae
379 1050 465 1113 aquae
480 1035 510 1092 et
526 1026 608 1111 ignis
631 1048 694 1091 non
709 1024 954 1105 differrentnisi
971 1047 1025 1110 per
1038 1025 1154 1111 aliquid
1174 1026 1312 1091 acciden-

209 1138 280 1217 tale,
296 1139 355 1204 sub
371 1139 548 1205 secundaria
571 1138 688 1203 ratione
709 1136 830 1203 formali
849 1136 1010 1203 molceulae
1026 1160 1053 1201 e.
1069 1138 1149 1203 Mat.
1170 1138 1228 1203 sub
1250 1140 1312 1224 pri·

210 1251 305 1315 maria
319 1253 435 1315 ratione
450 1251 570 1315 formali
582 1250 762 1315 substantia
773 1274 802 1313 a.
818 1250 896 1313 Mat.
910 1250 1192 1314 etcoatradisttucto
1203 1252 1314 1314 minore

209 1386 239 1425 a.
256 1386 369 1448 cmtsep.

252 1474 331 1539 Duae
345 1476 427 1539 enim
443 1485 516 1539 sunt
531 1476 709 1541 differentia
721 1474 873 1553 formales,
889 1496 944 1560 per
958 1496 1034 1559 quas
1049 1473 1171 1539 differre
1181 1486 1311 1560 possunt

208 1582 365 1649 moleoulae
390 1585 577 1649 diversarum
601 1584 862 1649 substantiarum:
886 1584 1038 1670 primaria,
1065 1594 1097 1648 et
1124 1584 1312 1649 secundaria.

210 1696 392 1761 Differentis
403 1700 549 1781 primario
566 1700 664 1762 oritur
677 1718 713 1761 ex
728 1697 901 1761 diversitate
915 1697 1080 1762 formarum
1097 1696 1236 1763 dantium
1251 1700 1313 1783 pri-
1416 1758 1422 1769 .

209 1830 295 1871 mum
310 1830 375 1872 esse
389 1810 582 1873 substantiale
596 1809 755 1894 pertibus:
778 1810 952 1873 secundario
973 1810 1072 1874 oritur
1086 1830 1123 1875 ex
1137 1810 1313 1876 diversitate

210 1920 352 1984 secunde
366 1921 471 1985 formae
486 1920 588 1985 dantis
602 1922 736 2005 primum
745 1922 955 1985 essetoturalc
966 1922 1143 2007 composito,
1156 1924 1314 2007 quodesse

210 2031 370 2115 compositi
392 2042 439 2096 est
458 2031 690 2117 superadditum
711 2042 742 2097 et
768 2031 954 2097 accidentale
976 2042 1117 2117 respectu
1135 2033 1227 2118 primi
1248 2056 1313 2099 esse

210 2142 428 2207 substantialis.
476 2144 559 2208 Hinc
573 2144 709 2208 formalis
725 2143 897 2208 differentis
910 2144 1179 2209 intermoleenlam
1188 2146 1271 2230 ignis
1282 2156 1313 2209 et

210 2274 298 2337 aquae
319 2254 435 2337 petitur
456 2254 611 2339 primario,
630 2264 660 2317 et
683 2255 716 2317 in
737 2254 856 2318 ratione
874 2254 1062 2335 substantia,
1083 2278 1120 2319 cx
1140 2256 1314 2321 diversitate

209 2362 431 2429 elementorum
446 2364 643 2449 simplicium,
659 2364 770 2450 quibus
785 2373 1021 2449 componuntnr,
1038 2375 1069 2430 et
1078 2366 1266 2448 secundario,
1282 2378 1313 2432 et

210 2476 244 2539 in
259 2476 376 2541 ratione
392 2476 556 2553 molecnlae,
573 2498 609 2541 ex
630 2476 746 2541 diversa
761 2476 1015 2542 determinatione
1029 2478 1068 2543 ad
1083 2488 1201 2543 motum
1216 2480 1250 2544 in
1265 2480 1312 2543 in-

211 2587 317 2667 vicem,
334 2610 395 2673 qua
409 2588 513 2654 eadem
529 2588 680 2653 elementa
695 2587 948 2678 determinentur.
994 2590 1082 2655 Patet
1096 2602 1201 2655 autem
1220 2593 1312 2680 quod,

211 2698 284 2763 licet
300 2700 411 2764 diversi
426 2712 529 2765 motus
544 2702 606 2765 sint
622 2709 745 2765 tantum
760 2700 878 2765 diversa
892 2701 1069 2781 accidentia,
1085 2713 1189 2766 tamen
1198 2702 1315 2769 diversa

211 2810 362 2874 elementa
376 2819 450 2875 sunt
464 2811 589 2876 diversae
604 2810 801 2875 substantiae:
824 2820 855 2874 et
871 2811 914 2875 sie
929 2812 1010 2895 ignis
1025 2820 1057 2877 et
1072 2835 1151 2898 aque
1171 2813 1312 2879 substan-

212 2922 326 2985 tialiter
340 2922 498 2987 differunt.

169 3030 171 3033 ’
256 3034 317 3097 Sed
335 3035 406 3119 quia
421 3044 544 3099 nonest
567 3054 698 3113 necesse,
715 3044 749 3098 ot
765 3056 827 3098 una
842 3045 953 3098 natura
968 3034 1177 3100 substantialis
1191 3037 1311 3101 differat

211 3144 455 3211 substantialiter
468 3146 507 3210 ab
522 3145 581 3209 alia
597 3155 707 3209 natura
722 3145 925 3224 substantiali,
942 3147 1052 3210 sufficit
1067 3148 1148 3210 enim
1159 3148 1185 3211 si
1195 3148 1313 3213 differat

211 3263 247 3319 ut
257 3262 376 3335 natura,
387 3255 470 3341 qnod
479 3278 540 3320 non
553 3256 698 3341 importat
711 3256 912 3321 differentiam
922 3256 1101 3323 substantiae
1111 3268 1147 3322 ut
1163 3260 1226 3339 sic;
1245 3260 1313 3324 ideo

212 3366 335 3450 qnando
351 3366 493 3431 obiicitur
508 3366 672 3435 moleculas
688 3366 875 3431 diversarum
891 3367 1132 3432 substantiarum
1147 3391 1209 3434 non
1225 3392 1314 3455 posse

213 3477 379 3541 formaliter
393 3477 514 3543 differre
529 3502 583 3563 per
599 3479 698 3545 solum
713 3479 863 3557 accidens,
880 3479 1029 3563 distingui
1050 3490 1151 3565 potest
1173 3482 1236 3546 sic:
1259 3504 1314 3567 per
1346 3523 1349 3529 ·

211 3588 351 3653 accidens
373 3589 528 3654 moleculae
554 3613 639 3654 conc.
669 3612 723 3674 per
751 3590 891 3655 accidens
914 3593 1163 3676 componentium
1185 3616 1216 3657 n.
1247 3604 1312 3659 ant.

212 3701 269 3765 Vel
284 3702 375 3765 etiam
391 3701 568 3785 simpliciter
583 3713 713 3785 negatur
722 3728 731 3780 ;
754 3716 907 3787 repugnat
929 3704 1010 3767 enim
1029 3707 1232 3790 compositum
1247 3708 1312 3771 sine

212 3812 367 3877 accidente
384 3813 621 3897 compositionis.
666 3813 854 3878 Advertstur
868 3822 973 3878 tamen
988 3815 1184 3900 aequivocatio
1197 3818 1230 3881 in
1242 3840 1314 3883 voce

211 3926 388 4004 substantio,
404 3946 473 4009 quae
488 3923 583 4009 accipi
599 3924 689 3989 debet
704 3946 759 4009 pro
775 3937 883 3990 notura
897 3927 1094 3991 abstantiati.

254 4038 307 4101 84.
329 4036 506 4119 Replicatis.
532 4036 567 4101 si
581 4036 625 4101 ita
639 4046 695 4116 est,
711 4035 783 4121 ergo
800 4036 879 4102 detis
894 4038 1036 4102 omnibus
1058 4037 1217 4105 elementis
1231 4041 1312 4126 ignis

208 4156 238 4209 et
253 4169 348 4232 aquae,
365 4156 529 4233 antequam
545 4147 685 4211 adveniat
707 4148 808 4212 forma
823 4148 875 4211 illa
889 4149 1087 4214 accidentalis
1102 4155 1309 4233 constitutiva,

210 4258 270 4322 iam
296 4260 353 4323 erit
379 4259 551 4324 substantia
575 4260 658 4343 ignis
681 4270 712 4323 et
733 4282 828 4345 aquae.
875 4260 944 4325 Hoc
965 4284 1035 4326 vero
1054 4272 1100 4326 est
1124 4262 1290 4329 absurdum
1301 4295 1310 4345 3

211 4368 282 4452 quia
296 4370 422 4453 ponitur
433 4370 641 4434 'constitutum
658 4370 723 4433 sinc
738 4372 945 4435 constitutivo.

1080 4493 1139 4548 rat
