3200 4984
285 395 350 457 302
635 415 677 457 on
694 415 813 458 narsus
829 414 1020 459 conrrnurs.
1243 395 1328 478 [car.
1342 416 1395 460 ιιι.

287 580 396 660 tivum,
412 602 466 644 seu
481 580 558 645 ratio
573 588 659 644 aetus
675 579 842 658 adactum,
858 580 958 664 primo
972 590 1004 643 et
1022 579 1155 644 seeundo
1170 602 1242 644 casn
1258 579 1396 664 simplex,

287 691 380 756 tertio
394 691 579 775 composita;
602 700 633 755 et
648 691 761 756 dieitur
781 692 944 756 intensitas
964 692 1090 755 relativa
1104 701 1208 756 aetus:
1231 714 1396 776 repraesen-

288 814 372 869 tatur
386 812 489 869 autem
504 825 632 868 numero
647 804 811 889 graduum,
832 814 955 888 aeoepto
975 803 1110 889 quodam
1124 803 1223 887 gradu
1239 803 1398 867 arbitraria

288 937 343 999 pro
356 914 486 979 unitate.
1201 980 1206 991 ,

332 1030 384 1093 66.
408 1025 565 1102 Quaeritur
580 1026 721 1111 septimo,
741 1028 821 1111 quod
838 1028 878 1091 sit
896 1026 1122 1110 fundumentum
1146 1026 1300 1090 relationis
1318 1027 1398 1090 inter

288 1146 462 1203 momentum
476 1145 505 1201 et
519 1146 703 1201 momentum.

332 1248 523 1334 Respondeo,
553 1248 723 1332 generatim
752 1246 990 1313 fundamentum
1023 1245 1179 1312 relationis
1207 1247 1289 1310 inter
1318 1247 1398 1310 duos

288 1361 437 1427 terminos
456 1382 521 1425 esse
541 1359 666 1445 aliquid,
687 1360 720 1423 in
740 1381 802 1443 quo
827 1359 918 1424 ambo
943 1358 1069 1423 termini
1094 1358 1340 1437 communicant;
1362 1359 1396 1422 id

289 1474 373 1537 enim
399 1471 563 1559 requiritur
582 1472 622 1537 ad
641 1493 836 1537 communem
861 1494 987 1537 nexum.
1032 1472 1102 1536 Hoc
1118 1472 1229 1557 posito,
1245 1472 1271 1535 si
1287 1480 1397 1556 agatur

289 1586 328 1649 de
342 1583 488 1649 relatione
502 1583 583 1647 inter
597 1581 658 1648 duo
679 1591 837 1647 momenta
854 1582 992 1649 eiusdem
1007 1584 1052 1649 vis
1067 1583 1180 1662 aotivae,
1195 1582 1274 1647 illud
1288 1582 1321 1647 in
1335 1606 1397 1667 quo

290 1694 358 1761 duae
373 1695 432 1761 illae
446 1695 634 1761 uetustiones
648 1703 790 1759 motuum
805 1695 1044 1773 communicant,
1056 1706 1089 1761 et
1098 1704 1255 1780 tamquam
1266 1695 1300 1759 in
1314 1718 1399 1759 eom-

291 1808 377 1873 muni
392 1830 482 1873 causa
501 1815 735 1885 connectuntur,
754 1816 800 1871 est
826 1806 892 1892 ipae
917 1815 1005 1871 aetus
1031 1806 1241 1873 substantialis
1266 1807 1396 1891 agentis,

290 1927 381 2004 prout
396 1918 470 1984 dicit
490 1918 631 1989 virtutem
660 1918 884 1983 terminabilem
902 1918 943 1983 ad
960 1918 1071 1986 mobile
1098 1918 1252 1985 distinctis
1278 1918 1398 1985 actibus

290 2030 421 2109 motivis,
439 2030 476 2095 de
490 2029 577 2094 cuius
598 2029 784 2097 virtualitate
811 2038 897 2098 uetus
922 2030 970 2096 illi
987 2030 1096 2096 motivi
1110 2029 1311 2097 aoeidentales
1326 2030 1397 2114 plus
1433 2056 1436 2062 ·

290 2143 429 2206 minusve
445 2142 638 2228 participant.
685 2142 807 2207 Relatio
832 2152 948 2207 autem·
962 2152 1190 2207 momentorum
1213 2142 1256 2207 sic
1270 2141 1399 2206 fundata

290 2264 338 2319 est
361 2253 467 2319 relatio
496 2254 664 2319 extrinseca
693 2263 826 2333 tantum,
851 2266 882 2319 et
904 2254 1059 2319 mediante
1088 2254 1168 2331 alio„
1184 2255 1264 2319 sicut
1292 2253 1399 2323 relatio

289 2366 489 2431 fraternitatis
503 2388 574 2430 cum
589 2366 790 2431 fundamento
806 2367 840 2430 in
854 2374 941 2450 patre
956 2366 1123 2431 communi.

334 2478 427 2545 Unde
452 2478 620 2563 respondeo
645 2477 790 2557 seeundo,
816 2477 842 2541 si
865 2486 975 2561 agatur
1000 2478 1038 2542 de
1064 2477 1210 2541 relatione
1235 2477 1401 2543 intrinseca

290 2590 446 2655 interduo
464 2601 619 2656 momenta
643 2589 797 2676 qualibet,
822 2589 1059 2655 fundamentum
1086 2589 1170 2653 illius
1187 2612 1253 2655 esse
1267 2590 1398 2674 gradum

290 2702 486 2782 intensitatis,
521 2724 583 2787 quo
617 2710 775 2786 tamquam
811 2701 968 2765 communi
1002 2722 1147 2767 mensura
1181 2704 1400 2765 mensurantur

289 2814 481 2879 intensitates
496 2814 627 2878 duorum
643 2823 881 2879 momentorum.
912 2812 968 2899 ,Et
982 2820 1069 2896 patet
1084 2835 1121 2877 err
1136 2812 1226 2877 dietis
1240 2836 1271 2877 ιι.
1288 2816 1341 2877 58.

333 2928 387 2991 67.
411 2925 572 3002 Quaeritur
591 2932 707 3004 oetam,
727 2932 829 2991 utrum
849 2925 1002 3007 quamtitas
1021 2925 1213 3002 iotmaitotis,
1230 2930 1353 3006 quaest
1367 2925 1399 2987 io

289 3045 432 3101 ammento
448 3045 588 3126 eororqot
602 3058 640 3101 eu
653 3058 766 3101 sommo
777 3036 925 3118 yrodoum
940 3036 972 3097 io
986 3057 1019 3099 eo
1035 3036 1245 3119 motabilium.

335 3147 519 3231 Respondeo
543 3148 738 3213 affirmative:
761 3157 793 3211 et
815 3156 901 3231 patet
920 3168 958 3213 ex
978 3147 1068 3211 dictis
1086 3170 1118 3211 n.
1134 3150 1196 3225 593
1214 3169 1287 3211 nam
1308 3146 1398 3231 quid·

252 3296 269 3321 ·.
293 3259 368 3344 quid
391 3258 502 3324 dieitur
526 3260 563 3323 de
587 3260 700 3325 virtute
724 3259 839 3324 motiva
865 3258 923 3322 sub
952 3269 1091 3343 respectu
1120 3259 1316 3337 intensitatis,
1340 3259 1400 3324 diei

293 3372 383 3437 debet
399 3371 436 3436 de
451 3372 517 3435 eius
531 3379 611 3435 actu.
658 3370 740 3448 Quia
755 3394 836 3450 vero,
851 3381 888 3435 nt
902 3370 945 3435 ibi
960 3370 1144 3450 notavimus,
1164 3371 1271 3437 nullus
1285 3372 1399 3455 gradus

291 3484 478 3551 intensitatis
492 3483 619 3568 eogitari
633 3492 745 3567 potest,
766 3483 821 3567 qui
841 3484 1023 3547 naturaliter
1037 3492 1068 3547 et
1083 3484 1251 3549 neeessario
1264 3484 1398 3569 postulet

292 3598 406 3663 assumi
425 3618 481 3682 pro
500 3596 619 3663 unitate
648 3618 812 3675 mensurae,
842 3596 981 3680 sequitur
1006 3596 1130 3660 ‘nullum
1161 3617 1228 3660 esse
1257 3596 1399 3680 gradum,

293 3710 347 3795 qui
362 3710 402 3774 sit
422 3731 566 3773 mensura
594 3707 734 3772 absoluta
763 3715 1000 3784 momentorum,
1022 3708 1077 3773 sed
1096 3690 1218 3772 omnem
1248 3708 1398 3773 unitatem

192 3820 196 3826 ’
292 3820 478 3886 intensitatis
512 3842 578 3883 esse
612 3818 812 3883 arbitrariam.
858 3819 1015 3883 Numerus
1047 3827 1160 3898 autem,
1195 3842 1257 3905 quo
1286 3821 1399 3906 gradus

292 3933 478 3998 intensitatis
493 3930 673 4016 exprimitur
687 3940 733 3995 est
748 3930 919 3995 virtualiter
932 3939 1056 4001 tantum
1072 3931 1231 4010 discretus,
1247 3941 1283 3996 ut
1298 3942 1398 4016 patet3

292 4046 365 4131 quia
378 4045 412 4109 in
426 4066 490 4109 uno
510 4053 581 4109 autu
602 4043 717 4109 motivo
739 4066 802 4107 non
826 4051 900 4108 sunt
928 4042 1018 4127 plura
1047 4042 1201 4121 (listinae,
1224 4044 1278 4107 sed
1300 4066 1398 4107 unum

292 4155 475 4241 aequivalens
489 4142 640 4240 pluribus.

336 4260 399 4333 68.Ι
413 4267 570 4344 Quaeritur
585 4289 676 4341 nono,
692 4268 765 4351 quid
776 4268 816 4330 sit
830 4275 934 4331 motus.

337 4378 529 4461 Respondeo,
544 4360 664 4441 motum
679 4378 712 4441 in
735 4399 846 4461 genere
869 4385 1042 4462 spectatum
1065 4398 1126 4441 non
1148 4376 1321 4454 aliudesse,
1338 4376 1399 4440 nisi
