3200 4984
228 376 298 419 cra.
316 356 370 441 ru]
593 381 636 423 aa
652 381 772 427 rursus
789 382 981 427 cornuum.
1265 365 1330 427 283

226 566 358 623 versum,
374 544 417 608 ita
432 552 508 629 quot
523 555 597 609 suut
619 546 652 611 in
670 546 785 611 mundo
802 547 937 626 mobilia,
952 557 1000 613 tot
1015 556 1089 613 sunt
1102 572 1180 613 nunc
1193 549 1268 634 ipsis
1282 550 1330 613 in-

227 655 367 735 trinseca,
401 679 469 741 quae
502 680 558 742 per
585 668 705 723 motum
734 659 856 725 mobilis
889 661 1067 725 describunt
1101 660 1329 746 quodammodo

226 767 338 833 lineam
354 770 509 853 temporis.
555 768 657 845 Quare
672 779 719 834 tot
734 780 954 858 sunttempora
964 772 1159 857 particularia
1169 782 1246 858 quot
1255 782 1332 837 sunt

228 879 369 944 mobilia:
391 889 422 943 et
452 904 528 945 nanc
556 882 648 947 unius
678 882 799 947 mobilis
829 884 950 949 realiter
974 884 1178 968 distinguitur
1206 909 1224 950 a
1253 908 1330 949 nanc

227 985 351 1055 alterius
367 992 498 1070 mobilis,
515 994 594 1057 sicut
608 1006 761 1079 punctum
775 996 950 1061 describens
971 1018 1065 1060 unam
1079 996 1191 1061 lineam
1208 996 1330 1062 realiter

227 1102 429 1188 distinguitur
448 1104 486 1169 ab
507 1105 567 1169 alio
589 1117 705 1190 puncto
727 1106 817 1172 eham
833 1108 946 1171 lineam
961 1106 1161 1172 describente.
1205 1108 1247 1172 Et
1261 1107 1330 1171 ideo

227 1216 404 1299 propositio,
421 1238 480 1301 qus
489 1218 643 1297 asseritur,
658 1219 691 1282 in
701 1228 767 1283 toto
782 1228 919 1303 tempora
932 1241 998 1283 esse
1008 1241 1107 1283 unum
1118 1219 1236 1283 instans
1247 1203 1329 1283 idem

228 1349 269 1406 re,
285 1326 445 1393 Hmitanda
459 1338 505 1393 est
521 1330 559 1393 ad
569 1339 690 1415 tempus
701 1330 883 1415 particulare
898 1332 990 1395 unius
1000 1340 1032 1395 ct
1045 1331 1181 1395 eiusdem
1197 1330 1328 1395 mobilis.

228 1440 318 1505 Hauc
332 1440 545 1506 limitationem
563 1443 595 1507 S.
610 1442 743 1507 Thomas
757 1465 822 1508 non
836 1443 957 1507 videtur
970 1443 1139 1527 agnovisse,
1151 1443 1233 1528 quia,
1244 1444 1329 1509 iuxta

226 1553 382 1637 physicam
393 1554 601 1638 antiquorum,
616 1556 717 1619 tenuit
727 1564 844 1619 motum
851 1558 946 1639 primi
953 1558 1068 1641 mobilia
1078 1578 1143 1622 esse
1154 1577 1328 1619 mensuram

226 1666 393 1749 temporis:
416 1674 446 1731 et
460 1668 533 1753 ideo,
550 1670 620 1750 quic
634 1676 730 1731 motus
737 1670 865 1752 primus,
880 1668 992 1753 inquit,
1006 1691 1082 1733 amic
1090 1677 1143 1746 est,
1160 1676 1272 1752 tenpus
1285 1677 1329 1732 cst

222 1800 324 1856 unum,
341 1801 510 1843 nwneuraus
525 1802 622 1843 omnes
636 1788 731 1846 motus
744 1780 951 1863 simulsactoa.
996 1778 1112 1863 Opusc.
1127 1781 1181 1857 44,
1197 1779 1236 1843 de
1249 1789 1329 1842 tem·

226 1911 298 1974 pore
313 1911 340 1953 c.
356 1892 388 1952 2.
434 1890 495 1953 Sed
510 1890 608 1955 verius
627 1890 801 1969 dicendum,
821 1899 868 1955 tot
881 1914 947 1955 esse
967 1899 1104 1975 tempora
1118 1891 1324 1975 particularia,

226 2009 302 2083 quot
330 2009 405 2063 sunt
428 2000 552 2065 mobilia
575 2001 608 2064 in
636 2010 731 2079 motu,
752 2000 1011 2086 quemadmodum
1035 2002 1174 2086 sequitur
1198 2024 1234 2066 ex
1260 2002 1328 2086 ipsa

227 2111 426 2176 similitudine
441 2112 585 2185 instantis
596 2136 667 2177 cum
682 2124 797 2198 puncto
812 2112 1003 2177 describente
1010 2112 1141 2177 lineam:
1164 2123 1195 2177 et
1203 2122 1327 2199 tempus

227 2222 378 2305 generale,
396 2222 514 2312 quoda
535 2224 625 2288 nobis
644 2225 817 2309 concipitur
838 2246 892 2308 per
910 2223 1035 2289 modum
1050 2223 1143 2287 unius
1157 2223 1327 2288 durationis

227 2334 412 2414 successiva,
428 2336 595 2419 comparari
609 2359 698 2420 posse
714 2358 785 2399 cum
801 2335 954 2401 volumine
968 2356 1122 2420 corporeo,
1137 2335 1325 2419 quodetiam

226 2446 397 2530 concipitur
411 2469 465 2530 per
478 2447 604 2511 modum
620 2448 722 2528 unius,
737 2448 809 2512 licet
826 2458 928 2533 partes
947 2448 1082 2531 eorporis
1100 2447 1326 2532 non-impleant

223 2557 311 2637 illud,
327 2558 381 2623 scd
395 2560 565 2657 tantumjin
580 2559 632 2625 illo
648 2570 827 2623 moveantur
841 2560 1009 2627 secundum
1024 2559 1130 2637 lineas,
1139 2568 1175 2622 ut
1189 2559 1324 2624 ostendi·

224 2694 294 2736 mus
308 2673 341 2735 in
356 2681 488 2736 tractatu
503 2675 551 2735 Dc
565 2674 729 2736 substantia
743 2695 892 2756 corporea,
908 2694 934 2735 c.
949 2672 994 2743 iii.
1009 2694 1041 2741 u.
1058 2672 1131 2737 109.
1159 2717 1162 2722 <

267 2789 320 2848 45.
345 2784 501 2861 Quaeritur
515 2785 686 2863 undecimo,
700 2792 800 2849 utram
808 2785 961 2868 possibilis
974 2785 1016 2849 rit
1030 2784 1147 2848 duratio
1154 2783 1326 2865 fluenasine

223 2899 309 2961 initio
324 2906 354 2961 et
367 2900 429 2960 siae
437 2897 511 2981 fiae.
624 2963 627 2973 ,
872 2965 875 2970 ⁴
1088 2961 1091 2965 Α

200 3026 203 3031 ·
267 3008 458 3092 Respondeo,
474 3007 666 3099 durationem
682 3008 748 3071 sine
762 3008 824 3079 fine
841 3007 988 3071 fluentem
1005 3005 1159 3071 evidenter
1175 3027 1241 3071 esse
1254 3028 1325 3091 pos-

223 3118 352 3197 sibilem,
368 3141 464 3203 quum
487 3118 565 3183 nihil
586 3119 734 3203 impediat
749 3119 915 3203 quominus
937 3127 1040 3181 motus
1061 3117 1151 3182 duret
1169 3117 1235 3182 sine
1253 3118 1324 3182 fine.

224 3229 286 3292 Sed
300 3252 362 3293 non
380 3229 500 3293 videtur
514 3230 671 3314 possibilis
686 3230 774 3301 realis
789 3229 911 3307 duratio
928 3229 1027 3292 fluens
1042 3228 1108 3292 sine
1121 3228 1231 3306 initi0;
1253 3252 1326 3293 nam

222 3341 343 3405 duratio
358 3342 457 3405 fluens
472 3352 518 3405 est
534 3342 655 3406 duratio
670 3350 816 3417 creaturae
828 3366 835 3412 ;
861 3340 981 3413 duratio
996 3351 1099 3406 autem
1113 3349 1258 3427 creaturae
1271 3364 1325 3404 ue-

221 3453 289 3536 quit
304 3476 369 3517 esse
384 3454 451 3517 sinc
465 3454 564 3532 initio,
580 3476 677 3537 quum
692 3463 825 3537 nequeat
839 3453 906 3537 ipsa
921 3462 1060 3523 creatura
1073 3474 1138 3515 esse
1153 3451 1325 3516 sineinitio.

221 3564 303 3627 Nam
318 3566 397 3629 sicut
411 3588 580 3650 numquam
595 3566 696 3650 potuit
711 3564 878 3635 annihilari,
895 3564 928 3628 id
947 3563 1031 3648 quod
1049 3586 1219 3648 numquam
1233 3564 1325 3628 exsti·

220 3677 269 3756 tit,
296 3678 339 3741 ita
364 3699 533 3762 numquam
554 3678 655 3761 potuit
679 3677 769 3741 educi
794 3698 837 3750 ex*
853 3676 960 3754 nihilo,
983 3698 1040 3744 seu
1058 3676 1162 3755 creari,
1183 3676 1216 3739 id
1241 3674 1326 3760 quod

221 3812 388 3873 numquam
405 3790 465 3853 fuit
480 3789 579 3877 nihil:
597 3799 633 3851 et
648 3788 717 3852 ideo
740 3788 900 3853 essentiale
920 3799 967 3851 est
982 3796 1130 3857 creatmae.
1140 3788 1251 3852 habere
1264 3788 1324 3852 ini-

220 3905 320 3968 tium:
343 3912 375 3966 et
389 3902 473 3987 quod
487 3902 525 3965 de
540 3924 602 3965 una
616 3912 754 3975 creatura
777 3900 907 3979 dicimus
927 3900 966 3963 de
987 3899 1131 3968 omnibus
1150 3900 1325 3984 intelligen-

208 4103 321 4172 fluente,
333 4102 452 4173 adfluens
464 4099 493 4152 iu
510 4117 538 4152 eo
551 4081 711 4170 quodfluena
723 4104 759 4151 cst
772 4097 846 4150 aliud
862 4115 879 4150 a
890 4102 982 4165 etanta
1000 4097 1056 4150 ideo
1068 4102 1251 4150 immorantur
1268 4096 1322 4149 alia

218 4194 243 4241 et
256 4188 309 4241 alia
321 4204 453 4254 merismu,
468 4187 496 4239 iu
510 4204 539 4239 ao
551 4188 619 4257 quod
629 4192 701 4239 stans
713 4191 737 4238 et
744 4188 844 4257 fleterre.
881 4185 920 4237 Et
931 4185 988 4238 ideo
999 4203 1068 4237 nunc
1079 4184 1236 4252 elamitem
1256 4185 1325 4255 quod

218 4282 255 4330 est
267 4292 389 4329 mensuro
401 4274 442 4327 rei
451 4279 480 4327 ut
491 4280 570 4341 uana,
584 4279 608 4326 et
620 4292 688 4325 nanc
700 4272 831 4342 temporeis,
844 4273 913 4342 quod
923 4277 960 4325 ast
972 4288 1093 4324 mensura
1105 4270 1145 4323 rei
1154 4273 1282 4341 utfleaena,
1293 4272 1325 4323 da

217 4364 364 4418 nccmcitote
376 4362 499 4433 differunt
511 4362 544 4413 ab
556 4360 671 4414 invicem.
