3200 4984
273 343 317 407 30
508 417 519 451 ,
686 365 729 409 nn
746 364 929 409 rnrucrrns
1233 345 1321 430 [car.
1339 365 1379 410 11.

271 553 383 597 causoe.
427 527 564 595 Aliunde
584 531 693 616 nequit
716 531 776 596 dici
798 540 962 617 utramque
977 530 1157 615 principiare
1179 551 1233 614 per
1255 529 1382 594 modum

269 641 403 720 termini,
426 663 523 728 quum
551 641 613 706 duo
639 642 763 706 termini
786 641 843 706 soli
864 661 929 705 non
958 641 1077 725 possint
1099 640 1284 704 constituere
1306 637 1379 703 sub·

268 754 426 819 stantiam.
482 753 529 817 Ex
551 775 613 838 quo
636 762 814 838 sequeretur
834 754 901 818 haec
922 752 984 817 duo
1007 752 1157 837 principia
1179 770 1243 816 non
1266 750 1378 814 habere

267 864 504 951 dependentiem
530 865 727 944 causalitatis,
751 872 782 929 et
808 864 851 928 sic
878 871 1073 927 sumerentur
1094 862 1128 926 in
1150 862 1258 926 eodem
1285 883 1377 926 sensu

266 999 301 1042 ac
323 978 357 1041 in
379 976 525 1063 mysterio
551 973 720 1056 Trinitatis,
744 984 780 1038 ut
806 974 925 1039 dictum
949 983 996 1038 est
1019 975 1111 1053 n.1.,
1135 973 1218 1059 quod
1241 992 1304 1037 non
1329 982 1376 1038 cst

267 1087 505 1153 admittendum.
801 1075 804 1082 ’

310 1197 493 1283 Respondeo
508 1205 606 1262 totam
622 1195 832 1262 difficultatem
851 1196 925 1260 oriri
939 1217 975 1259 ex
996 1194 1064 1273 hoc,
1080 1194 1164 1279 quod
1184 1205 1376 1281 supponatur

266 1315 334 1372 tum
355 1308 483 1373 materia
505 1308 613 1392 prima,
637 1315 705 1371 tum
731 1307 830 1372 forma
856 1303 1077 1382 substantialis,
1101 1325 1167 1369 esse
1190 1306 1222 1368 in
1245 1325 1374 1369 numero

266 1425 485 1496 creaturarum,
515 1439 612 1502 quum
647 1437 710 1481 non
745 1416 807 1480 sint
840 1415 902 1479 nisi
933 1415 967 1479 in
1000 1437 1129 1479 numero
1158 1416 1372 1500 praecisionum

266 1527 457 1592 mentalium.
503 1526 637 1611 Ideoque
655 1526 689 1590 in
709 1525 879 1590 obiectione
893 1526 929 1589 fit
944 1525 1093 1589 transitus
1108 1548 1126 1588 a
1141 1534 1225 1589 statu
1246 1526 1372 1612 physico

267 1639 307 1704 ad
329 1646 446 1703 statum
470 1638 724 1725 metaphysieum.
770 1637 845 1702 Non
863 1659 936 1721 ergo
955 1646 1002 1701 est
1021 1637 1145 1716 mirum,
1164 1638 1190 1700 si
1207 1660 1263 1722 per
1279 1637 1373 1701 talem

264 1747 429 1814 transitum
441 1747 616 1812 eliminetur
626 1747 727 1812 omnis
743 1747 905 1812 causalitas
916 1747 1054 1834 physica,
1066 1769 1134 1832 quae
1145 1769 1209 1811 non
1224 1747 1371 1832 competit

265 1859 388 1924 entibus
399 1859 624 1946 metaphysicis.
670 1855 762 1923 Ratio
774 1882 848 1944 ergo
858 1859 1002 1945 principii
1010 1858 1164 1923 causantis
1179 1852 1288 1943 incipit
1299 1876 1370 1923 cum

267 1980 338 2036 ente
356 1970 483 2058 physice
501 1969 658 2050 existente,
677 1971 761 2055 quod
779 1993 843 2034 non
863 1979 911 2035 est
927 1970 1055 2034 materia
1071 1970 1180 2055 prima,
1198 1990 1254 2034 nec
1272 1970 1371 2036 forma

266 2082 374 2168 prima,
406 2080 460 2146 sed
489 2080 693 2145 constitutum
723 2103 759 2145 ex
788 2080 880 2167 ipsis:
903 2089 935 2144 et
964 2080 1113 2165 quamdiu
1144 2101 1304 2144 manemus
1336 2081 1371 2144 in

264 2192 492 2280 praecisionihus
510 2192 706 2272 mentalibus,
722 2191 839 2256 nullam
860 2192 1070 2256 causalitatem
1087 2192 1279 2256 inveniemus
1297 2215 1368 2277 pro·

264 2305 329 2390 prie
347 2304 470 2384 dictam,
490 2303 544 2368 sed
561 2287 685 2368 tantum
708 2302 886 2366 relationem
912 2301 1006 2365 unius
1023 2301 1063 2365 ad
1080 2301 1173 2381 aliud,
1189 2311 1225 2366 ut
1243 2302 1367 2366 termini

264 2415 304 2480 ad
317 2415 483 2480 terminum
499 2412 667 2478 secundum
682 2411 896 2476 habitudinem
908 2412 1205 2476 transcendentalem
1219 2413 1313 2476 unius
1327 2412 1367 2476 ad

263 2525 403 2590 alterum.
450 2523 571 2586 Relatio
588 2530 692 2586 autem
711 2522 834 2586 termini
852 2522 893 2586 ad
912 2522 1079 2586 terminum
1096 2523 1130 2586 in
1147 2522 1253 2586 ordine
1271 2532 1367 2587 metu-

263 2636 389 2723 physico
403 2655 467 2699 non
482 2634 535 2698 dat
550 2632 765 2713 substantiam,
782 2633 836 2698 sed
854 2633 907 2697 dat
927 2642 1110 2718 conceptum
1129 2633 1366 2698 determinatum

264 2754 295 2812 et
316 2746 510 2831 adaequatum
529 2745 719 2824 substantiae,
738 2767 792 2808 seu
810 2752 992 2830 conceptum
1013 2745 1078 2810 eius
1099 2745 1309 2811 essentialem:
1332 2746 1366 2808 in

262 2879 324 2943 quo
338 2865 488 2940 conceptu
502 2877 584 2918 unus
599 2855 748 2919 terminus
763 2855 859 2920 alium
874 2857 1038 2941 respiciens
1049 2879 1114 2921 non
1126 2856 1240 2921 dicitur
1254 2856 1365 2922 habere

264 2966 302 3032 ab
323 2988 359 3030 eo
378 2964 624 3050 dependentium,
639 2965 699 3029 nisi
717 2966 789 3050 quia
808 2987 871 3031 non
891 2967 983 3031 datur
1000 2967 1106 3031 relatio
1124 2967 1190 3031 sine
1206 2968 1364 3047 terminis3

263 3078 346 3142 unde
355 3079 446 3141 etiam
456 3075 578 3140 cudens
587 3084 633 3140 est
642 3075 735 3141 talem
745 3076 980 3163 dependentium
990 3101 1056 3142 esse
1064 3087 1186 3143 tantum
1195 3079 1363 3143 seeundum

263 3188 401 3253 ordinem
416 3194 627 3272 conceptuum,
640 3209 702 3251 non
714 3207 783 3252 varo
798 3187 967 3252 secundum
982 3188 1116 3274 aliquam
1130 3190 1349 3255 causalitatem.

305 3299 353 3362 Es
370 3319 432 3384 qua
449 3297 559 3361 ultima
579 3294 819 3362 consideratione
836 3298 947 3382 colligo
964 3321 1027 3362 non
1047 3321 1217 3383 repugnare
1234 3307 1271 3362 ut
1291 3322 1363 3363 con-

261 3409 433 3475 siderentur
441 3407 591 3493 principia
600 3409 808 3494 metaphysica
820 3408 1039 3473 constituentia
1047 3409 1210 3472 essentiam
1220 3409 1363 3473 elementi

260 3519 426 3586 materialis
440 3528 597 3603 tamquam
609 3518 754 3582 habentia
763 3519 929 3603 quamdam
946 3518 1118 3602 analogiam
1134 3541 1204 3583 cum
1220 3519 1362 3583 Personis

260 3631 428 3708 Trinitatis,
445 3650 513 3715 quae
527 3652 564 3693 ex
579 3629 642 3692 suis
657 3628 880 3713 exemplaribus
900 3628 1022 3692 aeternis
1036 3636 1068 3692 et
1082 3628 1284 3712 proculdubio
1302 3629 1361 3693 sibi

261 3740 411 3808 similibus
434 3741 542 3824 (quum
572 3738 713 3803 creabilia
737 3759 801 3802 non
827 3739 889 3802 sint
917 3739 979 3802 nisi
1007 3738 1193 3802 imitationes
1222 3739 1361 3824 quaedam

259 3851 443 3936 imperfectae
460 3849 631 3914 divinarum
646 3848 879 3933 perfectionum)
896 3849 987 3913 efficit
1002 3858 1165 3913 creaturas.
1211 3849 1360 3931 Quaeres,

258 3966 333 4029 licet
347 3963 473 4046 impune
487 3983 517 4028 ,a-
535 3959 670 4045 physicis
691 3959 840 4043 praeteriri
862 3959 984 4023 silentio
1005 3959 1114 4044 possit,
1128 3967 1235 4024 notate
1256 3968 1359 4026 tamen

259 4077 319 4140 fuit
337 4097 355 4138 a
373 4073 404 4136 S.
421 4072 539 4134 'l‘homa
558 4093 589 4154 p.
608 4075 637 4134 1.
654 4093 685 4155 q.
700 4071 752 4133 45.
770 4091 796 4133 a.
815 4074 857 4150 7.,
873 4070 927 4134 ubi
947 4071 1000 4150 ait,
1016 4073 1048 4134 ia
1067 4074 1210 4136 creaturis
1229 4076 1361 4138 omnibus

258 4188 382 4252 inueniri
396 4184 678 4267 repraesentationem
697 4180 920 4265 Trinitatis‘per
933 4183 1049 4246 modum
1062 4185 1188 4268 vestiyii,
1199 4192 1229 4247 et
1244 4185 1360 4249 anobis

258 4319 381 4385 quoque
404 4294 509 4358 eadem
527 4316 575 4356 res
599 4293 700 4357 notari
723 4301 825 4377 potest
844 4293 895 4358 hic
920 4293 953 4357 in
971 4293 1101 4379 gretiam
1121 4317 1227 4359 eorum
1252 4297 1360 4381 quiex
