3200 4984
286 369 349 429 loo
610 388 652 431 oa
669 386 873 432 suascaurra
891 387 1073 431 consonus.
1255 364 1343 447 [car.
1362 382 1385 423 1.

282 549 314 613 in
339 548 474 629 materia,
488 548 543 614 sed
566 531 696 616 ontum'
712 550 777 617 lore
799 550 833 615 in
859 550 984 615 diversis
1008 559 1182 634 temporum
1206 545 1388 611 differentiis

282 661 380 746 magia
396 661 442 727 vel
456 660 560 727 minus
574 661 741 727 intensum.
785 661 982 727 continuitas
998 670 1100 726 autem
1117 659 1270 744 graduum
1284 657 1388 720 inteu-

282 772 381 839 sitatis
403 780 450 837 est
471 794 596 858 prorsus
617 772 735 839 diversa
757 797 775 838 a
793 774 997 839 continuitate
1012 772 1218 845 extensionis;
1240 792 1295 834 nee
1312 768 1388 833 dicit

282 884 544 969 compositionem,
559 883 631 970 quia
645 886 825 971 compositio
840 886 962 971 respicit
978 885 1135 950 materiam
1159 883 1240 949 entis
1261 879 1386 945 materi-

282 996 347 1077 alis,
363 996 524 1061 intensitas
539 1004 641 1060 autem
655 1006 758 1061 motus
773 998 896 1083 respicit
911 998 1013 1083 ipsum
1029 1006 1141 1077 aetum,
1158 995 1211 1075 qui
1226 1001 1273 1059 est
1287 994 1387 1057 forma

282 1108 363 1171 eutis
378 1105 543 1172 materialis
562 1106 593 1171 iu
610 1116 704 1173 motu.
752 1108 854 1187 Unde,
870 1109 940 1173 licet
955 1117 1060 1173 motus
1075 1114 1189 1173 crescat
1203 1105 1252 1171 vel
1267 1104 1386 1169 decres-

283 1228 332 1284 cat
353 1241 408 1303 per
421 1219 537 1303 gradus
551 1220 724 1300 continuos,
740 1243 801 1284 non
818 1230 921 1285 tamen
942 1220 1137 1306 componitur
1150 1242 1186 1283 ex
1207 1218 1268 1282 illis
1282 1244 1289 1283 r
1312 1238 1389 1280 oon-

281 1330 404 1394 tinuum
428 1338 530 1395 autern
557 1331 711 1395 materiale
736 1342 968 1417 componeretur
994 1356 1029 1397 ex
1050 1332 1113 1397 suis
1137 1326 1386 1395 indivisibilibus.

283 1441 371 1507 Patet
386 1464 459 1527 ergo
474 1442 616 1507 immanis
631 1442 802 1527 disparitas.
825 1444 919 1528 Ergo,
934 1453 1047 1529 negato
1062 1444 1209 1508 continuo
1224 1438 1386 1515 materiali,

282 1575 345 1618 non
361 1554 500 1640 sequitur
513 1576 579 1619 esse
593 1554 766 1639 negandam
781 1554 1014 1619 continuitatem
1030 1562 1143 1619 motus.

327 1668 376 1732 18.
400 1668 541 1731 Instatis.
576 1667 684 1731 Motus
706 1667 814 1752 nequit
837 1688 969 1732 erescere
995 1689 1048 1751 per
1072 1665 1187 1749 gradus
1209 1662 1385 1741 continuos,

280 1775 342 1841 nisi
356 1776 408 1841 isti
422 1778 536 1861 gradus
551 1777 671 1843 realiter
686 1786 758 1842 actu
772 1778 969 1863 acquirantur
983 1801 1001 1841 a
1017 1777 1130 1841 mobili.
1169 1776 1228 1840 Vel
1243 1797 1317 1859 ergo
1332 1774 1385 1837 isti

281 1886 396 1971 gindus
421 1895 494 1951 sunt
519 1896 590 1952 actu
612 1888 704 1968 finiti,
726 1888 774 1952 vel
796 1887 919 1952 infiniti.
966 1889 1000 1952 Si
1022 1898 1095 1951 sunt
1118 1896 1187 1952 actu
1209 1886 1300 1965 finiti,
1321 1908 1386 1948 non

280 1997 416 2063 efficiunt
438 2007 639 2083 augmentum
664 1999 845 2063 continuum
867 2009 988 2063 motus:
1020 1998 1045 2061 si
1072 2020 1141 2062 vcro
1163 1997 1286 2075 infiniti,
1311 2005 1387 2059 suut

279 2121 382 2175 tamen
398 2110 538 2175 terminis
553 2109 655 2190 clausi,
668 2133 764 2196 quum
779 2110 892 2174 dentur
906 2110 1019 2174 limites
1031 2110 1197 2175 velocitatis
1212 2108 1339 2172 initialis
1353 2116 1385 2171 et

280 2222 390 2288 finalis.
419 2221 513 2306 Ergo,
525 2222 604 2287 sieut
616 2229 741 2307 propter
753 2222 992 2286 honorationem
1009 2222 1187 2307 repudiatur
1198 2220 1385 2285 continuitas

280 2332 424 2414 materiae,
439 2331 529 2398 debet
543 2332 695 2418 repudiari
711 2332 804 2397 etiam
819 2333 1003 2397 continuitas
1019 2334 1178 2417 augmenti
1192 2334 1225 2397 in
1239 2342 1337 2397 motu.
1378 2398 1382 2403 ,

322 2445 415 2531 Resp.
440 2446 509 2510 dist.
532 2454 594 2509 ant.
649 2444 719 2509 Nisi
741 2444 854 2528 gradus
877 2444 928 2509 isti
950 2445 1076 2509 realiter
1092 2455 1163 2509 actu
1186 2444 1384 2531 acquir-antur

278 2579 297 2620 a
310 2556 416 2623 mobili
431 2578 486 2642 per
499 2555 626 2620 modum
647 2555 765 2619 entium
787 2555 1026 2619 successivorum
1048 2578 1111 2619 non
1126 2555 1305 2619 facientium
1321 2554 1383 2618 for-

278 2668 389 2733 malem
418 2666 651 2732 multitudinem
680 2690 705 2733 o.
735 2675 798 2731 unt.
829 2666 890 2731 uisi
918 2667 1115 2751 acquirantur
1144 2690 1162 2730 a
1192 2667 1298 2731 mobili
1328 2689 1383 2751 per

278 2779 404 2846 modum
421 2778 512 2843 simul
527 2778 722 2843 existentium
737 2786 768 2841 et
783 2778 962 2843 facientium
976 2778 1136 2842 ierusalem
1150 2778 1382 2843 multitudinem

277 2914 307 2953 n.
324 2898 386 2955 ant.
430 2889 472 2953 ut
486 2912 559 2975 nepo
578 2911 770 2972 consequens3
792 2889 865 2973 quia
887 2889 941 2953 ubi
964 2911 1027 2952 non
1049 2898 1096 2953 est
1117 2890 1254 2955 formalis
1277 2891 1383 2955 multi-

277 3000 364 3081 tudo,
388 3000 441 3065 sed
470 3023 567 3065 uuum
597 2999 780 3085 aequivalens
811 3000 949 3084 pluribus
974 3023 1138 3085 persuum
1159 3001 1382 3081 intenaitatem,

277 3113 321 3177 ibi
335 3134 391 3177 nee
406 3111 512 3175 finitus
527 3134 683 3191 uumerus,
700 3134 756 3175 nee
777 3112 916 3177 infinitus
935 3112 1034 3197 quaeri
1053 3121 1164 3197 potest.
1210 3113 1277 3177 Iam
1293 3124 1381 3179 nota-

276 3225 388 3305 vimus,
403 3223 518 3309 gradus
539 3223 726 3288 intensitatis
745 3246 809 3286 non
830 3224 945 3287 efficere
967 3224 1221 3307 compositionem
1236 3225 1382 3310 aliquam,

276 3336 418 3422 eoquod
439 3344 526 3401 actus
547 3335 695 3400 intensior
717 3357 780 3400 non
804 3344 923 3399 constat
949 3336 1178 3400 intensitatibus
1200 3337 1383 3421 partialibus

276 3449 404 3513 invicem
420 3448 517 3513 unitis
532 3447 571 3512 ad
585 3446 759 3511 faciendum
780 3469 954 3524 numerum,
975 3446 1028 3509 sed
1050 3469 1130 3510 uuus
1150 3455 1238 3511 aetus
1254 3447 1383 3533 simplex

275 3570 332 3641 est,
347 3559 464 3625 habens
479 3559 625 3626 virtutem
644 3559 773 3623 activam
794 3558 974 3642 simplicem,
990 3557 1224 3641 aequivalentem
1238 3560 1383 3644 pluribus

276 3672 435 3737 conatibus
452 3671 491 3737 ad
513 3678 631 3734 motum
655 3668 880 3753 cogitabilibus,
900 3668 936 3737 in,
954 3691 1032 3753 quos
1052 3691 1109 3753 per
1131 3670 1225 3741 solam
1244 3680 1381 3737 mentem

197 3788 200 3794 ’
275 3797 412 3850 nostram
434 3782 604 3849 resolvitur.
650 3781 710 3845 Sed
733 3788 861 3844 conatus
883 3779 1060 3863 cogitabiles
1082 3803 1145 3844 nou
1168 3783 1306 3848 efficiunt
1319 3785 1382 3849 nisi

273 3895 505 3961 multitudinem
526 3891 731 3977 cogitabilem,
754 3913 826 3975 quae
847 3912 910 3955 non
933 3890 1036 3955 existit
1058 3890 1115 3955 sub
1134 3893 1253 3957 ratione
1274 3895 1380 3960 multi-

272 4007 389 4071 tudiuis
403 4006 464 4069 nisi
478 4006 511 4068 in
528 4012 612 4067 statu
630 4002 729 4086 logico
752 4013 783 4064 et
802 4000 977 4064 mechanico
997 4010 1050 4064 aut
1072 4003 1300 4084 mathematico,
1316 4029 1380 4070 nou

272 4126 374 4181 autem
390 4117 423 4179 in
439 4124 521 4178 statu
535 4114 672 4199 physico.
717 4113 756 4176 In
772 4120 855 4175 statu
871 4121 971 4175 autem
988 4111 1087 4194 logico
1101 4122 1132 4175 et
1151 4114 1380 4197 mathematico,

195 4204 197 4210 Ι
274 4228 387 4309 quasvis
402 4226 557 4310 quantitas
579 4223 672 4287 habet
692 4223 848 4301 virtutem,
864 4221 1032 4285 seeundum
1053 4246 1145 4307 quam
1166 4225 1261 4290 dividi
1275 4239 1379 4312 potest

272 4345 303 4399 et
318 4334 471 4400 subdividi
485 4333 517 4397 in
532 4334 688 4398 inlinitum
704 4333 768 4396 sine
784 4332 885 4416 aliqua
900 4332 1100 4413 absurditate,
1113 4356 1210 4419 quum
1222 4338 1379 4404 contiueat
