3200 4984
230 370 373 453 car.11.]
554 391 597 435 nn
613 390 813 436 suusraarra
828 393 1011 438 couronns.
1116 438 1121 447 ,
1268 379 1330 439 183

228 558 290 622 tale
315 566 454 644 respectu
476 565 593 623 naturae
614 561 789 625 constitutae
806 561 961 625 invenitur
983 562 1015 623 in
1045 559 1202 625 moloonia.
1248 560 1330 638 Quia

227 680 331 735 tamen
346 670 519 755 philosophi
533 681 754 737 consueverunt
769 672 902 737 diversas
915 681 1040 737 aaran
1052 694 1210 756 corporeas
1226 696 1330 739 vocare

228 781 360 845 diversas
380 784 562 847 anhelantius
589 782 753 863 naturales,
782 783 851 848 ideo
880 784 996 849 factum
1017 792 1074 861 est,
1098 791 1132 847 ut
1153 805 1251 849 unum
1276 806 1331 869 per

228 914 261 957 se
274 894 410 958 naturale
424 903 594 958 sumeretur
607 917 663 979 pro
676 916 740 959 uno
755 917 789 960 ac
804 895 910 961 eodem
925 918 960 960 ac
974 918 1072 959 unum
1086 918 1140 979 per
1150 918 1182 959 ae
1192 898 1328 963 acbatan-

226 1005 316 1069 tiele:
339 1005 423 1090 quod
442 1006 564 1071 admitti
578 1006 702 1092 quidem
715 1014 827 1091 potest,
842 1029 940 1092 quum
956 1015 1074 1071 naturae
1095 1028 1245 1092 corporeae
1263 1009 1328 1074 sint

228 1116 463 1183 substantiales:
494 1119 547 1182 sed
568 1118 765 1203 aequivocatio
793 1119 891 1183 facilis
919 1127 976 1184 est.
1022 1118 1108 1185 Licet
1135 1127 1238 1185 autem
1263 1144 1327 1185 una

228 1228 377 1293 moloonia
391 1230 431 1294 sit
452 1252 550 1295 unum
565 1253 621 1315 per
643 1254 675 1295 se
696 1231 846 1311 naturale,
864 1240 910 1295 eat
932 1240 1035 1295 tamen
1054 1252 1153 1295 unum
1175 1253 1229 1315 per
1249 1232 1326 1297 acci-

227 1337 303 1402 dens
324 1340 357 1403 in
379 1339 496 1405 ratione
517 1341 667 1426 eorporis:
690 1340 762 1426 quia
781 1342 820 1406 de
841 1342 958 1405 ratione
978 1339 1111 1425 corporis
1132 1348 1179 1407 est
1200 1341 1326 1425 quidem

227 1450 416 1534 compositio,
447 1452 499 1516 sed
522 1474 586 1516 non
616 1452 818 1520 determinata
838 1452 904 1517 haec
932 1452 1120 1536 compositio,
1151 1474 1205 1536 per
1233 1474 1325 1536 quam

194 1632 202 1655 „
227 1561 377 1626 molecula
392 1563 590 1627 constituitur
603 1562 674 1627 talis
688 1571 826 1627 naturae:
849 1584 942 1647 quare
956 1562 1021 1628 hac
1036 1561 1217 1646 compositio
1227 1563 1324 1627 deter-

226 1674 343 1739 minata
356 1674 448 1740 habet
471 1698 503 1739 se
524 1674 750 1740 accidentaliter
771 1675 811 1739 ad
831 1675 980 1744 rationem
1002 1676 1153 1759 corporis:
1176 1684 1208 1739 et
1228 1698 1324 1760 quum

187 1844 192 1869 ,Α
226 1806 263 1847 ex
276 1786 334 1850 hae
348 1787 566 1871 compositione
579 1786 728 1853 moleeula
741 1786 853 1855 habeat
870 1809 936 1851 esse
949 1808 1047 1851 unum
1062 1808 1116 1871 per
1130 1808 1163 1855 ae
1176 1786 1324 1866 naturale,

227 1897 366 1983 sequitur
380 1898 560 1963 moleculam
576 1900 608 1962 in
623 1900 740 1964 ratione
755 1899 890 1983 eorporis
903 1921 969 1963 esse
983 1921 1083 1964 unum
1095 1920 1150 1983 per
1164 1898 1323 1965 accidens:
1371 1894 1375 1900 ’

226 2008 335 2074 accidit
349 2014 432 2079 enim
447 2010 566 2095 corpori
580 2033 645 2074 esse
661 2011 932 2095 circompositum.
978 2010 1061 2075 Hinc
1075 2010 1245 2093 generalius
1264 2010 1324 2074 dici

224 2126 336 2203 potest,
352 2121 474 2185 nullum
488 2144 599 2207 corpus
612 2144 677 2185 esse
692 2144 789 2185 unum
805 2144 859 2205 per
881 2144 923 2199 ae,
946 2129 980 2184 at
994 2143 1108 2204 corpus,
1131 2121 1185 2184 sed
1200 2128 1323 2184 tantum

226 2232 292 2297 fieri
307 2256 405 2297 unum
422 2256 477 2320 per
492 2257 525 2299 se
546 2233 686 2298 addendo
708 2233 753 2297 illi
768 2233 896 2297 sormam
918 2232 1125 2309 unificantem,
1141 2254 1159 2295 a
1173 2255 1234 2317 qua
1247 2233 1325 2297 acci·

215 2414 216 2417 ,
224 2345 288 2430 piat
301 2348 432 2431 speciem
445 2370 500 2411 ens
514 2346 684 2412 resultans:
708 2348 751 2410 sic
766 2347 866 2431 posita
880 2345 1029 2411 animuin
1043 2366 1167 2429 corpore
1181 2345 1325 2428 organico

224 2458 261 2521 fit
283 2480 381 2523 unum
403 2482 458 2544 per
476 2482 508 2525 se
530 2460 662 2523 animal:
687 2458 768 2523 unde
787 2458 880 2522 etiam
901 2456 1078 2542 philosophi
1102 2465 1323 2524 consueverunt

226 2568 333 2650 dicere,
351 2570 430 2637 illud
455 2558 521 2637 esse
542 2594 641 2637 unum
663 2594 717 2656 per
739 2593 781 2649 ae,
805 2569 888 2655 quod
908 2568 1018 2653 accipit
1037 2569 1167 2653 speciem
1189 2567 1228 2632 ab
1249 2590 1323 2633 unc.

227 2682 323 2745 Prout
345 2705 422 2767 ergo·
441 2684 538 2747 forma
560 2682 735 2767 specificans
757 2680 918 2745 constituit
940 2702 996 2744 ena
1015 2679 1173 2765 physicum
1198 2678 1244 2743 rel
1260 2702 1324 2743 me-

214 2794 430 2879 taphysicnm,
456 2794 504 2859 rel
528 2795 789 2871 mathematicum,
815 2792 863 2857 vel
888 2790 1019 2880 morale,
1032 2792 1124 2855 etiarn
1145 2791 1248 2885 unitas
1265 2793 1340 2855 erit,

226 2904 363 2991 physica,
378 2905 426 2971 vel
439 2906 656 2993 metaphysica,
671 2905 719 2970 vel
734 2903 959 2981 mathematica,
975 2902 1022 2968 rel
1036 2901 1169 2967 moralis.
1215 2902 1276 2967 Sed
1285 2902 1323 2968 de

224 3017 370 3083 bisantia.

267 3131 320 3193 88.
345 3128 500 3206 Quaeritur
521 3127 757 3214 decimoquinto,
772 3135 871 3191 atnam
881 3126 1034 3211 poeaibr'lir
1047 3127 1087 3192 rit
1108 3126 1248 3190 mulcedo
1261 3134 1322 3189 ata·
1435 3162 1440 3169 ,

223 3240 291 3303 bilia
304 3242 367 3304 eine
381 3247 479 3305 centro
494 3240 650 3318 materiali,
664 3262 715 3303 aen
730 3260 795 3303 eum
809 3240 872 3301 aolo
887 3245 986 3301 centro
998 3238 1182 3321 peometrico.

267 3338 450 3435 Respondeo
473 3351 624 3436 negative.
667 3350 709 3413 Et
730 3349 808 3413 ratio
830 3356 877 3413 est
902 3347 1045 3416 evidens:
1068 3369 1140 3411 nam
1165 3346 1322 3413 deficiente

221 3470 326 3527 centro
348 3462 506 3541 materiali,
528 3462 616 3525 onius
637 3461 716 3525 aetio
738 3469 882 3525 constans
900 3459 1013 3524 retinet
1031 3458 1090 3523 alia
1115 3459 1265 3527 elementa
1288 3460 1320 3524 in

221 3573 324 3639 debito
339 3581 437 3653 motu,
460 3596 550 3638 eausa
563 3571 706 3657 quaelibet
721 3570 887 3635 extrinseca
906 3570 1048 3635 facillime
1063 3569 1200 3635 turbabit
1214 3593 1320 3637 eorum

219 3685 358 3751 ordinem
372 3708 407 3751 ac
419 3685 657 3770 dispositionem,
674 3692 705 3747 et
720 3683 763 3747 sic
777 3682 889 3768 peribit
904 3682 1053 3747 molecula
1065 3682 1118 3747 illa
1133 3683 1280 3768 specialis,
1290 3694 1321 3748 et

219 3798 277 3862 alia
292 3797 497 3882 generabitur.
542 3795 719 3881 Comparari
740 3803 843 3879 potest
856 3794 1004 3859 molmula
1026 3794 1092 3859 aine
1106 3803 1210 3859 centro
1225 3804 1320 3859 mate-

220 3909 287 3973 riali
301 3910 340 3974 ad
354 3909 535 3975 moloculam
550 3930 621 3973 cum
636 3908 690 3973 tali
711 3915 828 3986 centro,
843 3906 934 3971 nenti
954 3904 1157 3991 aequilibrium
1178 3905 1320 3973 instabile

219 4020 258 4085 ad
273 4021 477 4107 aequilibrium
492 4020 600 4085 stabile
614 4020 647 4084 in
662 4018 856 4084 mechanica:
881 4026 954 4083 sunt
969 4018 1051 4081 enirn
1067 4017 1201 4083 similia.¹

137 4174 139 4183 ι
263 4136 316 4197 89.
340 4132 499 4209 Quaeritur
520 4132 733 4209 decimosexto,
754 4139 854 4195 utrum
869 4130 1021 4213 possibilia
1041 4132 1081 4193 ait
1102 4130 1242 4195 moleculc
1255 4139 1317 4195 rta-

221 4246 289 4309 ba‘lia
311 4247 419 4310 lolem
433 4254 563 4310 centrum
577 4244 752 4327 repulsivam
767 4250 797 4307 et
812 4243 873 4307 alic
888 4243 984 4306 omnic
999 4241 1319 4308 elemenaattractiva.

265 4358 448 4441 Respondeo
481 4356 630 4441 negative.
677 4355 768 4433 Nam,
796 4353 934 4438 quamvis
964 4362 1103 4419 centrum
1132 4352 1318 4437 repulsivam
