3200 4984
325 358 389 421 180
637 374 680 419 nn
697 376 897 421 suessanum
911 376 1094 421 consonas.
1282 353 1365 441 [cnr.
1381 372 1420 415 11·

368 542 560 629 Respondeo‚
575 544 626 609 hic
640 544 788 610 confundi
802 544 1006 610 substantiam
1020 565 1089 607 cnm
1099 551 1210 607 natura
1220 538 1421 606 substantiali.
1500 621 1503 627 ,

322 654 506 720 Datisenim
520 656 664 721 omnibus
683 655 842 721 elementis
862 656 1037 721 necessariis
1051 655 1091 719 ad
1112 653 1288 719 babendum
1307 652 1420 737 ignara

323 766 454 831 babetur
470 767 666 833 materialiter
682 791 752 834 vera
774 768 954 847 substantia,
974 790 1011 831 ex
1024 790 1085 854 qna
1101 766 1139 831 fit
1157 765 1241 849 ignis
1250 792 1261 845 3
1284 764 1337 829 sed
1357 762 1423 827 fieri

324 877 492 945 formaliter
513 879 618 965 ignem
640 891 686 945 est
701 880 818 965 aliquid
839 879 1024 945 accidentale
1039 878 1253 964 superveniens
1274 875 1335 940 illis
1349 875 1422 944 sub-

323 991 445 1055 stantiis
459 990 714 1070 elementaribns;
737 993 810 1077 quia
831 992 897 1057 lieri
916 992 1021 1075 ignem
1040 999 1087 1055 cst
1101 988 1158 1055 tali
1176 989 1268 1053 modo
1282 986 1422 1053 connecti

323 1102 474 1167 clansenta
488 1104 569 1171 inter
592 1126 633 1182 se,
649 1115 685 1167 ut
699 1103 827 1168 resultet
848 1103 918 1167 talis
933 1101 1044 1186 agendi
1063 1102 1130 1167 lex:
1152 1101 1264 1165 ethaeo
1278 1098 1425 1163 connexio

322 1226 369 1279 est
391 1214 595 1280 accidentalis.
639 1216 723 1300 Ergo
745 1215 918 1279 substantia
939 1214 1020 1299 ignia
1038 1213 1235 1277 materialiter
1258 1210 1422 1296 praeexistit

323 1326 381 1392 snb
403 1325 536 1412 quadam
557 1326 663 1406 forma,
686 1326 816 1399 velsub
839 1325 1023 1412 quibusdam
1048 1324 1154 1389 formis
1176 1322 1423 1399 accidentalibus,

322 1462 391 1524 quse
412 1461 475 1504 non
490 1439 645 1524 pertinent
660 1438 698 1505 ad
720 1440 843 1523 ignem:
865 1448 897 1503 et
911 1439 947 1503 lit
961 1437 1129 1502 formaliter
1150 1436 1231 1521 ignia
1245 1459 1299 1521 per
1312 1457 1424 1498 novam

321 1550 451 1615 formam
480 1550 696 1615 accidentalem
726 1550 946 1615 advenientem.
992 1550 1147 1627 Similiter,
1175 1548 1254 1613 datis
1278 1547 1426 1611 omnibus

322 1661 480 1727 elementis
495 1662 670 1727 necessariis
682 1662 721 1727 ad
736 1661 977 1747 componendam
991 1684 1113 1746 aquam,
1128 1660 1259 1724 babetur
1273 1667 1338 1723 tota
1349 1658 1422 1722 snb-

322 1772 444 1851 stantia,
459 1795 496 1836 ex
511 1796 572 1858 qua
592 1773 628 1837 fit
643 1796 731 1859 aqua.
777 1773 839 1837 Sed
856 1773 921 1838 fieri
940 1773 1106 1837 formaliter
1120 1793 1231 1856 aquam
1245 1780 1292 1835 est
1306 1769 1424 1856 aliquid

321 1883 506 1949 accidentale
521 1885 735 1970 superveniens
750 1884 813 1950 illis
822 1884 1001 1949 ubstantiis
1009 1883 1255 1962 elementaribus,
1267 1905 1335 1967 quae
1343 1904 1423 1967 prae-

322 1995 458 2061 existunt
472 1997 505 2060 in
520 2020 553 2061 se
567 1998 625 2062 sub
640 1997 772 2083 quadam
788 1998 885 2061 forma
899 1996 1088 2075 accidentali,
1104 2017 1172 2081 quae
1186 2017 1248 2058 non
1263 2001 1310 2057 est
1324 1993 1425 2057 forma

323 2130 419 2192 aquas,
434 2117 466 2173 et
485 2109 565 2173 fiunt
579 2110 747 2174 formaliter
768 2132 848 2195 aqna
862 2131 916 2194 per
930 2131 1039 2172 novam
1062 2108 1191 2171 formam
1206 2105 1424 2171 accidentalem

321 2218 541 2286 advenientem.
588 2219 677 2285 Idem
696 2219 861 2284 dicendum
875 2228 922 2283 est
938 2219 975 2283 de
999 2218 1143 2283 omnibus
1162 2218 1230 2282 aliis
1245 2218 1426 2282 substantiis

320 2352 398 2414 pure
419 2332 586 2415 corporeis:
608 2331 747 2399 videlicet
769 2330 971 2395 substantiam
992 2353 1068 2414 pure
1085 2347 1264 2414 corpoream¹
1276 2328 1425 2392 constitui

322 2465 358 2507 ex
372 2442 530 2507 elementis
553 2442 742 2528 simplicibus
764 2442 952 2507 habentibus.
964 2464 1055 2506 suum
1076 2464 1141 2506 esse
1156 2440 1355 2505 substantiale
1369 2462 1426 2523 per

321 2554 450 2619 formam
465 2554 604 2639 primam,
620 2575 688 2639 quae
703 2553 756 2618 dat
770 2553 832 2617 illis
846 2553 989 2618 omnibus
1004 2562 1035 2618 et
1050 2552 1179 2638 singulis
1194 2552 1327 2637 primum
1347 2573 1423 2629 esse,

321 2676 352 2731 et
367 2688 437 2751 quae
452 2675 498 2731 est
508 2688 577 2733 vere
588 2665 685 2729 forma
694 2646 816 2729 illorum
828 2664 1054 2729 substantialis:
1070 2674 1101 2729 et
1112 2687 1219 2729 omnes
1228 2664 1301 2728 alias
1310 2664 1424 2726 formas

321 2778 567 2862 supervenientes
589 2800 653 2841 non
675 2800 741 2843 esse
760 2776 822 2840 nisi
841 2775 1041 2841 accidentales
1066 2784 1206 2860 respectu
1231 2774 1424 2859 singulorum

321 2888 552 2968 elementorum,
576 2888 639 2953 sive
654 2888 716 2951 sint
738 2888 910 2952 intrinsecae
933 2888 981 2970 (ut
1004 2887 1269 2955 determinationes
1289 2887 1422 2969 motivae)

322 3000 384 3063 sive
400 3000 462 3062 sint
476 2999 650 3064 extrinseoae
676 3000 722 3084 (ut
737 3000 837 3084 ligura
851 3023 912 3084 qua
926 3000 1108 3063 terminatur
1125 3000 1261 3078 materia,
1284 2999 1339 3062 sed
1359 3021 1424 3062 non

322 3119 370 3175 est
385 3110 417 3175 in
432 3110 516 3195 ills);
540 3120 571 3177 et
586 3119 690 3177 tamen
704 3111 752 3175 bae
766 3111 872 3175 formae
882 3110 1082 3176 accidentales
1091 3112 1345 3195 componentibus
1354 3133 1426 3195 pos-

324 3231 397 3287 sunt
418 3245 483 3287 esse
505 3222 681 3287 essentiales
703 3222 757 3287 tali
780 3223 950 3308 composito
972 3223 1114 3302 naturali,
1137 3224 1224 3288 cuius
1246 3232 1355 3288 natura
1378 3232 1425 3288 cst

322 3343 394 3398 actu
407 3334 477 3399 talis
497 3343 622 3420 propter
635 3335 728 3399 talem
744 3334 1004 3422 compositionem,
1026 3357 1088 3420 qua
1102 3334 1232 3414 sublata,
1247 3334 1300 3397 illa
1314 3342 1425 3399 natura

284 3490 285 3495 κ
322 3446 383 3511 iam
398 3468 461 3510 non
476 3446 627 3511 existeret.

365 3557 485 3624 Accidit
499 3580 573 3642 ergo
588 3558 668 3622 datis
682 3559 842 3623 elementis
855 3559 889 3621 in
901 3582 957 3623 suc
968 3581 1034 3624 csse
1045 3557 1238 3623 substantiali
1248 3560 1424 3623 constitutis

322 3691 502 3754 componere
528 3669 691 3735 moleculas
716 3671 864 3735 habentes
886 3671 1082 3737 intrinsecam
1105 3672 1234 3736 formam
1256 3693 1352 3756 aquae,
1375 3671 1423 3736 vel

320 3781 464 3868 oxygenii
478 3790 509 3846 et
530 3781 722 3869 hydrogenii,
738 3783 784 3847 vel
806 3783 957 3849 fiammae:
980 3792 1010 3848 et
1025 3784 1130 3849 cadem
1150 3784 1331 3863 substantia,
1354 3806 1423 3867 quae

323 3892 383 3957 fuit
398 3894 564 3958 formaliter
578 3917 658 3980 aqua
672 3894 711 3959 ob
727 3894 828 3959 datam
844 3896 1104 3982 compositionem,
1119 3897 1155 3959 fit
1169 3896 1336 3962 formaliter
1345 3918 1424 3981 oxy·

324 4006 450 4089 genium
474 4006 521 4071 vel
545 4005 771 4092 hydrogenium
796 4007 837 4071 ob
862 4007 954 4071 aliam
980 4007 1242 4092 compositionem,
1267 4015 1298 4071 et
1321 4015 1423 4091 potest

323 4118 548 4203 hydrogenium
564 4141 601 4183 ex
614 4141 693 4203 aqua
708 4128 875 4183 extractum
893 4120 996 4184 subire
1016 4118 1260 4184 combustionem
1282 4141 1336 4203 per
1350 4141 1422 4204 oxy-

323 4228 449 4312 genium
464 4252 501 4294 ex
514 4228 620 4291 eadem
635 4252 713 4313 aqua
728 4239 948 4309 ext1·actum,et
963 4232 1034 4295 inde
1048 4230 1114 4294 lieri
1124 4230 1265 4295 flamma:
1287 4240 1318 4295 et
1330 4232 1362 4294 in
1373 4230 1423 4293 bis

323 4339 464 4403 omnibus
478 4338 630 4404 elementa
645 4350 770 4405 manent
785 4342 911 4405 omnino
926 4341 1040 4420 mdem,
1056 4321 1277 4426 compositione
1291 4342 1414 4405 variata
