3200 4984
276 332 338 395 152
593 350 636 393 nn
653 349 854 394 sunsrmmrn
871 350 1055 395 consonus.
1098 346 1100 351 ’
1238 330 1328 415 [cars
1340 351 1384 395 11.

319 522 373 587 64.
401 522 528 586 Oliiriea
545 521 592 585 6⁰.
614 520 680 601 Vis,
696 543 767 606 qnae
782 520 835 586 dat
855 520 990 605 primum
1006 544 1070 585 esse
1091 529 1206 605 puncto
1222 520 1386 599 materiali,

276 633 385 718 nequit
407 654 473 697 esse
503 632 667 696 intrinsece
690 632 787 697 finita.
834 632 916 696 Nam
939 633 1075 711 materia,
1098 654 1167 718 quae
1190 632 1255 697 sine
1276 632 1328 697 illa
1355 632 1387 695 vi

277 751 358 809 esset
379 765 458 830 pura
471 743 681 829 potentialiter
695 743 811 824 idealis‚
827 753 857 807 et
872 765 985 829 purum
1008 744 1097 822 nihil,
1118 744 1209 809 debet
1224 764 1279 829 per
1299 743 1387 807 illam

244 855 339 924 ...vim
360 855 425 919 fieri
448 854 658 940 potentialitas
678 854 769 920 realis
787 864 819 919 et
841 855 1075 920 constitutivum
1090 856 1272 920 substantiae
1288 864 1388 919 mate-

278 966 371 1032 rialis.
416 967 514 1051 Atqui
535 966 591 1045 vis,
607 987 669 1050 qna
690 966 899 1050 potentialiter
914 965 1020 1030 idealis
1035 966 1234 1030 constituitur
1254 966 1389 1029 existens

279 1077 312 1141 in
329 1087 413 1141 statu
426 1076 500 1141 reali
514 1077 622 1162 nequit
636 1070 703 1141 esse
716 1077 805 1141 finita
816 1103 825 1155 3
849 1100 920 1141 nam
933 1087 1033 1142 status
1044 1077 1150 1141 idealia
1162 1078 1280 1141 infinite
1291 1076 1389 1141 distat

281 1196 405 1255 astatu
428 1188 512 1253 reali.
556 1189 640 1273 Ergo
654 1198 701 1253 est
721 1188 981 1265 infinita-Quod
996 1190 1022 1253 si
1042 1189 1125 1254 dicas
1144 1189 1228 1253 hunc
1243 1188 1388 1253 effectum
1494 1242 1497 1247 .
1573 1180 1574 1193 ¹

281 1302 410 1387 produci
424 1300 537 1365 virtute
552 1299 612 1365 Dei
621 1298 762 1377 creantis,
778 1309 884 1363 contra
900 1308 957 1363 est.
1003 1299 1085 1363 Nam
1095 1294 1191 1363 virtus
1206 1298 1308 1363 divina
1322 1320 1388 1361 non

282 1413 443 1478 constituit
457 1435 521 1477 rem
537 1423 573 1479 ut
588 1434 680 1476 cansa
693 1410 840 1490 formalis,
857 1410 910 1475 sed
921 1434 988 1475 eam
998 1421 1080 1475 creat
1091 1420 1127 1475 ut
1136 1434 1227 1476 causa
1236 1411 1388 1475 efficiens:

282 1534 313 1589 at
329 1534 440 1609 praeter
458 1546 581 1589 causam
601 1523 791 1603 efficientem,
808 1545 900 1587 causa
919 1522 1056 1587 formalis
1078 1522 1170 1587 etiam
1192 1523 1319 1586 omnino
1334 1521 1388 1585 ad·

282 1636 434 1700 mittenda
463 1649 520 1715 est,
543 1634 721 1720 etquidem
747 1635 987 1719 proportionata.
1032 1634 1100 1699 urit
1127 1646 1229 1699 autem
1260 1656 1389 1719 propor-

281 1750 408 1827 tionata,
424 1748 450 1811 si
465 1748 505 1812 sit
520 1746 651 1812 infinita.

327 1859 419 1943 Resp.
435 1881 465 1921 n.
481 1867 544 1923 crat.
559 1857 598 1921 ad
613 1856 698 1941 prob.
714 1881 794 1923 conc.
811 1861 891 1922 Mai.
913 1883 941 1923 n.
958 1862 1045 1929 min„
1062 1859 1113 1923 Ad
1128 1861 1195 1923 eius
1215 1857 1302 1943 prob.
1318 1859 1389 1923 diet.

283 1979 345 2034 unt.
370 1969 476 2033 Status
499 1967 605 2032 idealis
623 1969 744 2033 infinite
767 1970 861 2035 distat
884 1980 1000 2035 astatn
1021 1972 1104 2051 reali,
1121 1972 1200 2035 sicut
1222 1971 1302 2035 nihil
1323 1993 1389 2034 are

283 2082 371 2146 finita
386 2105 465 2146 conc.
481 2089 543 2146 nul.
561 2080 640 2144 sicut
654 2080 732 2144 nihil
748 2081 786 2145 ab
802 2090 873 2146 ente
888 2082 1008 2147 infinito
1022 2107 1052 2147 n.
1069 2091 1129 2147 ant.
1147 2092 1175 2148 el
1191 2106 1268 2148 cons.
1314 2082 1389 2146 Infi-

284 2197 350 2259 nita
365 2194 514 2279 siqnidem
531 2193 677 2257 distantia
691 2203 738 2257 est
754 2193 834 2257 inter
850 2194 1018 2279 quamlibet
1033 2196 1263 2260 affirmationem
1279 2196 1390 2259 eteius

286 2308 551 2374 contradictoriam
567 2306 763 2389 negationem
772 2332 782 2383 3
806 2315 836 2370 et
852 2306 919 2371 ideo
936 2307 1079 2392 quaelibet
1093 2309 1181 2373 finita
1195 2309 1317 2388 entitas,
1338 2318 1389 2372 ut·

285 2432 320 2485 ut
340 2422 478 2499 minima,
500 2418 621 2510 infinite
642 2417 775 2481 distata
796 2418 951 2503 nihilqet
974 2420 1118 2504 quaelibet
1141 2420 1263 2485 realitas
1283 2443 1302 2485 a
1323 2442 1387 2484 non

285 2533 431 2598 realitate.

329 2645 460 2729 Insuper
475 2642 602 2708 materia
610 2664 672 2706 non
684 2641 794 2726 accipit
805 2642 930 2706 asor-ma
940 2643 1056 2729 aliquid
1071 2644 1283 2723 intrinsecum,
1293 2667 1390 2729 quum

287 2756 414 2820 materia
427 2778 492 2819 nou
505 2754 617 2819 habeat
632 2754 767 2839 aliquam
787 2755 960 2836 entitatem,
981 2746 1090 2842 inqua
1110 2757 1226 2843 aliquid
1246 2757 1371 2843 recipiat
1379 2784 1390 2836 3

287 2889 360 2950 ergo
374 2866 503 2929 materia
517 2888 580 2930 non
594 2866 778 2930 transfertur
791 2865 957 2931 intrinsece
980 2890 998 2931 a
1013 2876 1097 2932 statu
1111 2868 1202 2933 ideali
1216 2868 1255 2932 ad
1269 2868 1391 2947 realem,

192 3030 195 3035 .
288 2976 342 3040 sed
355 2984 479 3040 tantum
494 2976 661 3041 extrinsece
675 2986 706 3041 et
721 2977 915 3041 terminative
930 2977 1145 3043 denominatur
1158 2980 1256 3059 realis,
1269 2989 1392 3065 propter

287 3088 427 3166 formam,
443 3109 512 3171 quae
526 3099 573 3183 est
587 3098 674 3151 actus
696 3088 786 3152 realis
808 3088 847 3153 ad
869 3110 937 3152 eam
957 3090 1148 3169 terminatus,
1171 3099 1206 3154 ut
1225 3091 1341 3155 dictum
1361 3098 1392 3154 et

288 3198 472 3284 explicatum
483 3208 530 3263 est
544 3200 644 3264 fusius
658 3204 692 3263 in
706 3210 842 3265 tractatu
857 3200 895 3264 de
911 3201 1068 3287 principiis
1080 3225 1183 3266 rerum
1192 3202 1392 3267 naturalium.

291 3312 384 3406 ilinc,
400 3311 518 3375 etiamsi
533 3313 659 3376 materia
673 3306 727 3375 fiat
742 3312 981 3377 constitutivum
999 3314 1188 3393 substantiae,
1203 3336 1267 3377 non
1289 3322 1393 3377 tamen

289 3425 325 3488 fit
347 3424 581 3488 constitutivum
596 3420 801 3501 entitativum,
819 3425 873 3488 sed
895 3424 1129 3491 constitutivum
1144 3425 1320 3510 potentiale,
1335 3427 1393 3487 im-

179 3605 181 3608 ,
291 3536 500 3621 perfectivum,
520 3536 662 3599 deficiens
676 3559 694 3599 a
708 3526 829 3600 ratione¹
842 3536 942 3600 entis:
965 3544 1090 3621 propter
1105 3537 1189 3622 qnod
1202 3540 1257 3618 'ens
1278 3536 1395 3601 habens

291 3649 449 3714 materiam
470 3671 534 3712 non
557 3658 603 3714 est
625 3648 800 3732 perfectius,
824 3648 877 3713 sed
903 3648 1114 3733 imperfectius
1139 3660 1210 3714 ente
1238 3649 1395 3713 materiam

292 3785 355 3828 non
377 3760 520 3826 habente.
565 3761 638 3824 Non
660 3782 735 3843 ergo
755 3761 883 3824 materia
907 3760 1017 3847 accipit
1040 3761 1174 3846 aliquam
1194 3762 1354 3826 entitatem
1378 3784 1397 3827 a

293 3876 391 3938 forma
399 3900 409 3953 3
430 3881 461 3938 et
476 3872 672 3937 sicafortiori
681 3881 776 3957 patet,
788 3895 852 3936 non
862 3872 942 3957 exigi
951 3860 1084 3958 aliquam
1093 3874 1223 3937 formam
1232 3873 1396 3955 infinitam,

294 4008 363 4071 quae
377 4007 443 4049 eam
459 3984 550 4048 faciat
565 4006 630 4049 esse
644 3984 808 4049 intrinsece
823 3984 944 4049 realem.

337 4099 390 4164 65.
416 4098 559 4161 Instante
603 4096 735 4159 Materia
764 4119 864 4182 capax
883 4105 929 4160 est
953 4098 1060 4161 formae
1083 4098 1235 4161 intensive
1258 4098 1396 4162 infinitae.

296 4212 378 4275 Nam
389 4211 487 4274 forma
501 4209 650 4272 intensive
664 4209 785 4273 infinita
800 4232 863 4274 non
873 4211 1019 4294 supponit
1033 4210 1093 4273 nisi
1102 4210 1255 4274 infinitam
1264 4210 1399 4278 indeter-

296 4321 507 4399 minationem‚
527 4343 622 4404 quum
639 4322 679 4385 sit
695 4323 739 4384 vis
757 4322 881 4386 infinite
898 4322 1113 4387 determinans.
1162 4324 1257 4410 Atqui
1273 4325 1400 4389 materia
