3200 4984
223 352 293 397 cur.
312 336 368 419 11.]
577 361 618 403 nn
635 361 755 404 munus
771 362 961 405 courruuls.
1255 343 1320 405 289
1335 350 1338 353 ’

218 531 323 601 motus,
338 526 407 589 licet
420 530 461 591 sit
475 551 611 593 nummus
625 538 728 595 oratus.
772 532 812 593 In
826 552 944 594 numero
959 539 1056 594 autem
1077 538 1172 593 motus
1187 531 1319 593 concutit

219 655 280 697 esse
294 657 352 698 non
365 638 459 702 solum
472 639 549 704 illud
561 643 640 725 qnod
655 650 793 720 mouetur,
808 644 861 706 sed
882 644 971 706 etiam
993 642 1069 705 illud
1090 641 1170 724 quod
1185 641 1317 724 quiescit.

224 746 379 819 Qniescerrs
393 752 469 814 enim
484 774 542 816 non
554 754 664 818 dicitur
672 754 870 838 quodcumque
880 755 959 838 quod
966 776 1025 817 non
1035 761 1174 830 movetur,
1183 754 1235 815 sed
1242 753 1322 835 quod

218 879 277 921 non
291 870 430 941 mouetur,
443 872 544 947 aptum
559 872 656 929 tamen
670 874 772 929 notum
786 867 914 939 moueri;
936 873 967 929 et
980 886 1063 928 omne
1074 863 1134 928 tale
1147 872 1192 927 est
1205 862 1319 926 mobile.

219 970 297 1033 Esse
310 993 379 1055 erpo
393 976 439 1036 rei
452 976 625 1057 quiescentis
639 985 682 1041 cst
697 999 757 1040 esse
771 978 817 1039 rei
835 977 970 1041 mobilis:
994 998 1055 1040 esse
1075 984 1172 1039 autem
1192 977 1237 1038 rei
1258 998 1319 1037 mo-

220 1081 289 1145 bilis
299 1092 482 1149 mensuratur
493 1094 639 1172 tempore:
662 1110 731 1170 erpo
742 1095 772 1151 et
782 1110 843 1151 csse
850 1089 895 1151 rei
906 1089 1087 1171 quiescentis.
1125 1087 1321 1150 Mensuratur

219 1201 316 1257 autem
332 1196 365 1258 id
377 1198 456 1279 qnod
468 1201 600 1282 quiescit,
610 1208 639 1263 et
653 1200 686 1263 id
693 1200 917 1283 quodmooetur,
926 1207 1067 1283 quantum
1076 1199 1116 1263 od
1125 1200 1319 1282 quantitatem

219 1306 327 1388 quietis
340 1308 386 1371 uel
398 1317 494 1373 motus
502 1337 513 1384 ;
537 1319 632 1374 motas
646 1319 743 1376 tomen
751 1333 810 1394 per
823 1332 863 1390 se,
880 1312 962 1394 quies
984 1319 1081 1375 cutem
1101 1332 1156 1392 per
1175 1309 1318 1372 occidens.

219 1420 354 1483 Dicimus
375 1423 451 1485 enim
472 1424 551 1506 quod
570 1424 685 1508 aliquid
703 1425 812 1507 quierit
832 1446 889 1487 uno
911 1424 967 1503 die,
982 1425 1052 1507 quio
1066 1426 1190 1487 cessauit
1204 1444 1225 1485 o
1239 1430 1320 1486 motu
1437 1476 1442 1486 .

218 1552 276 1593 uno
291 1531 346 1595 die.
392 1534 489 1598 Jnuto
511 1536 590 1618 quod
608 1536 827 1620 intellipendum
848 1544 892 1599 est
907 1537 986 1620 quod
996 1536 1100 1599 mobile
1108 1541 1210 1619 potest
1224 1535 1318 1597 consi·

218 1640 317 1704 dermi
330 1642 495 1727 dupliciter,
510 1646 557 1710 uel
576 1654 716 1730 qnantum
738 1648 779 1710 ad
797 1669 881 1710 suom
901 1648 1104 1727 substantiam,
1119 1646 1167 1709 uel
1178 1653 1319 1729 quantum

218 1753 259 1816 od
270 1776 354 1819 snum
369 1777 439 1819 esse.
485 1758 522 1821 Si
536 1758 736 1822 consideratur
750 1765 890 1841 quantum
906 1759 947 1821 ud
957 1781 1041 1821 suom
1053 1758 1258 1835 substantiam,
1271 1758 1316 1820 sic

217 1856 485 1932 non'mencnratur
505 1877 641 1954 tempore,
665 1892 698 1933 eo
718 1871 798 1954 quod
817 1871 981 1933 substantia
1004 1869 1118 1933 mobilis
1139 1871 1171 1932 in
1192 1870 1320 1952 quolibet

111 1988 115 1995 '
217 1997 301 2039 nunc
309 1980 456 2062 ¹temporis
469 1988 523 2059 est,
538 2003 591 2044 nec
605 1982 691 2045 moer
704 1984 920 2057 successionum,
929 2004 982 2045 nec
989 1982 1087 2064 prius,
1097 2003 1149 2044 nec
1157 1983 1316 2065 posterius.

219 2088 256 2150 Si
270 2097 368 2153 autem
382 2092 579 2157 consideretur
593 2101 733 2177 qnantum
748 2095 789 2158 od
800 2116 884 2157 snum
894 2116 964 2173 esse,
975 2095 1028 2157 lroc
1036 2101 1137 2177 potest
1147 2115 1208 2157 esse
1222 2094 1317 2177 dupli-

217 2201 310 2264 citer:
335 2202 405 2285 quio
419 2204 598 2267 considerari
605 2212 707 2287 potest
723 2212 776 2268 aut
793 2212 934 2287 meantum
953 2204 994 2266 ad
1005 2226 1089 2266 sunm
1109 2225 1169 2267 esse
1182 2204 1317 2266 snbstan-

217 2312 297 2390 tiale,
322 2321 374 2376 out
392 2322 532 2399 quantum
549 2316 590 2379 ad
606 2338 690 2379 snum
711 2338 781 2394 esse,
805 2316 884 2399 quod
903 2316 989 2378 trahet
1010 2316 1042 2377 in
1064 2322 1154 2393 motu,
1175 2315 1255 2397 quod
1273 2322 1318 2377 est

215 2446 299 2489 suum
320 2427 437 2489 moueri.
485 2428 522 2490 Si
543 2428 739 2491 consideretur
754 2428 854 2512 primo
877 2427 970 2505 morlo,
988 2428 1032 2490 sie
1052 2448 1111 2489 non
1132 2433 1317 2489 mensuratur

217 2540 353 2619 tempore,
368 2538 492 2601 secundo
515 2546 613 2602 autem
634 2539 717 2602 modo
739 2546 923 2601 mamnrotur
946 2545 1091 2620 tempore;
1113 2538 1221 2605 moueri
1241 2531 1318 2598 enim

216 2648 332 2711 mobilis
345 2672 403 2712 non
417 2657 462 2713 est
476 2658 571 2713 totum
578 2650 674 2729 simul,
684 2651 737 2714 sed
744 2652 943 2713 successivum.
984 2648 1058 2712 Haec
1073 2648 1170 2711 saneti
1186 2647 1317 2711 doctoris

216 2760 375 2845 explicatio
389 2762 510 2826 videtur
524 2761 564 2826 ed
578 2760 636 2827 hoc
650 2761 764 2841 reduci,
778 2770 816 2825 ut
832 2761 918 2847 quies
932 2759 1140 2825 consideretur
1158 2768 1317 2844 tamquam

12 2938 13 2951 ,
137 2964 139 2968 Ι
215 2874 353 2957 potentia
367 2882 487 2938 motus:
509 2872 581 2937 inde
593 2874 684 2953 enim,
697 2873 776 2938 sieut
789 2882 913 2958 tempus
927 2881 1083 2937 mensurat
1098 2880 1216 2935 motum
1232 2879 1317 2935 actu·

215 2985 304 3064 ulem,
328 2986 500 3071 coneipitur
528 2986 621 3050 etiam
649 3008 825 3050 mensurare
854 2993 974 3049 motum
1002 2983 1179 3069 possibilem
1189 3007 1199 3060 ς
1233 2983 1317 3047 hunc

215 3104 317 3161 autem
333 3096 377 3179 (id
388 3106 434 3161 est
449 3096 593 3182 quietem)
607 3105 764 3161 mensurat
778 3120 833 3181 per
847 3096 996 3173 occidens,
1012 3095 1085 3181 quis
1098 3094 1185 3180 quies
1195 3093 1316 3159 videtur

214 3231 270 3293 per
283 3208 424 3273 accidens
440 3232 504 3273 esse
518 3208 551 3272 in
566 3208 681 3287 mobili,
698 3217 733 3272 ut
747 3207 889 3273 ordinato
903 3206 942 3271 sd
956 3214 1085 3269 motum.

258 3322 311 3385 49.
336 3319 492 3396 Quaeritur
511 3320 748 3405 quintodecimo,
764 3320 904 3403 quomodo
925 3320 1116 3402 acquirantur
1135 3318 1205 3382 idea
1225 3318 1314 3382 dura-

214 3433 312 3511 tionis,
328 3434 475 3516 temporis,
491 3432 697 3516 qnondeitatis,
710 3440 764 3496 eta.

257 3544 438 3628 Respondeo
460 3544 584 3608 initium
598 3543 665 3607 fieri
684 3566 701 3607 a
722 3543 917 3629 perceptione
938 3550 1041 3606 motus
1056 3539 1207 3605 sensibilis
1221 3547 1252 3602 et
1267 3539 1313 3603 di-

213 3656 377 3725 stinctione
397 3658 479 3721 inter
500 3680 598 3721 unum
613 3664 731 3721 motum
753 3665 783 3721 et
798 3656 903 3721 ulium.
950 3654 1117 3719 Distinctio
1131 3663 1235 3717 sutem
1249 3652 1314 3717 haeo

212 3793 231 3833 a
245 3792 341 3855 puero
355 3768 526 3854 concipitur
539 3791 595 3855 per
608 3769 863 3853 comparationem
879 3768 919 3833 ad
934 3791 1005 3832 suns
1022 3767 1207 3846 affectiones,
1221 3773 1314 3850 prout

212 3862 309 3946 unum
326 3890 397 3946 actu
411 3880 550 3967 percipit,
565 3880 650 3946 aliud
672 3881 840 3965 percepisse
860 3904 893 3945 se
912 3880 1062 3959 meminit,
1078 3878 1161 3943 uliud
1176 3900 1210 3942 se
1223 3886 1313 3963 putat

212 4002 438 4080 percepturum.
484 3993 591 4058 Unum
607 4015 748 4078 praesens,
765 3992 848 4057 aliud
863 3992 1061 4078 praeteritum,
1073 3989 1159 4055 aliud
1172 3990 1314 4055 futurum

212 4105 360 4185 nominat,
384 4114 475 4191 prout
500 4105 625 4171 docetur
647 4104 741 4190 loqui.
785 4104 915 4168 Interim
939 4104 1029 4168 discit
1052 4115 1227 4168 convertere
1248 4103 1314 4167 haec

211 4216 335 4281 relativa
359 4216 392 4281 in
415 4216 590 4281 absolutum
611 4240 688 4281 nunc
707 4216 754 4281 vel
776 4214 809 4280 in
830 4216 1005 4281 absolutum
1028 4224 1106 4295 tunc,
1122 4214 1313 4280 extendendo

212 4336 281 4392 tune
295 4328 334 4392 ad
349 4327 582 4414 significandum
598 4328 661 4393 sive
677 4327 760 4413 quod
774 4328 844 4407 fuit,
859 4328 921 4392 sive
941 4326 1023 4413 quod
1039 4327 1179 4391 futurum
1193 4336 1258 4407 est}
1281 4336 1312 4390 et

1113 4460 1137 4502 u
