3200 4984
211 400 285 444 car.
302 379 357 465 1r.]
546 400 590 443 na
606 398 806 445 soasrsurra
822 397 1007 442 convorsus.
1259 376 1322 441 149

213 566 288 631 reali
307 566 442 631 materiae
461 566 635 651 respondet,
650 564 698 629 vel
716 573 839 630 tantum
857 564 1023 649 cogitabili.
1069 556 1139 641 Quo
1154 564 1264 649 posito,
1281 564 1318 644 si,

215 679 287 744 dato
318 701 382 744 uno
412 678 562 743 elemento
600 678 744 756 materiae,
773 678 928 761 fingamus
957 676 1060 741 omnia
1089 676 1147 740 alia
1171 676 1322 742 elementa

215 790 388 870 annihilari,
404 789 530 854 unicum
548 789 683 855 manebit
702 790 754 853 oon·
773 789 852 853 reale
870 796 901 853 et
921 788 1047 853 formale
1066 788 1100 852 in
1115 799 1220 853 centro
1234 788 1319 854 illius

216 904 300 967 unici
328 902 484 967 elementi.
527 903 615 966 'func
638 911 742 967 antem
766 902 904 987 potentia
927 901 1025 967 activa
1048 901 1141 965 huius
1165 901 1319 981 elementi,

218 1037 286 1099 quae
301 1015 339 1078 de
361 1037 394 1078 se
408 1023 438 1077 et
461 1013 630 1078 secundum
653 1013 818 1099 quamdam
844 1012 1073 1099 proportionem
1096 1010 1320 1078 decrescentem

218 1126 403 1190 intensitatis
418 1123 607 1211 applicabilia
621 1134 668 1189 cst
682 1125 808 1210 ubique,
821 1122 980 1190 deficiente
994 1126 1079 1189 omni
1093 1127 1145 1189 ubi
1154 1124 1323 1190 formaliter

218 1238 273 1302 tali
296 1261 351 1323 per
376 1236 629 1302 annihilationem
652 1236 753 1302 omnis
777 1235 921 1316 materiae,
947 1258 1010 1301 non
1037 1238 1095 1301 erit
1124 1237 1259 1322 profecto
1288 1236 1323 1301 in

220 1350 322 1435 aliquo
341 1353 393 1414 ubi
409 1349 578 1414 formaliter
596 1348 662 1429 tali,
678 1349 731 1413 sed
751 1348 809 1411 erit
827 1348 860 1412 in
877 1350 928 1412 abi
942 1347 1134 1430 virtualibus,
1150 1359 1181 1414 et
1198 1348 1323 1434 quidem

97 1462 106 1472 “
220 1485 283 1525 non
297 1485 353 1548 per
366 1471 413 1526 tot
428 1471 525 1540 actus,
541 1469 617 1545 quot
631 1459 758 1545 cogitari
772 1469 902 1544 possunt
916 1461 967 1523 udi
981 1460 1122 1525 virtualia
1139 1459 1223 1546 (quia
1237 1470 1324 1525 actus

222 1575 329 1639 dicunt
358 1573 583 1653 formalitates),
614 1571 668 1636 sed
700 1594 755 1657 per
790 1571 886 1635 solam
922 1572 1178 1657 potentialitatem
1215 1572 1324 1638 talium

221 1694 365 1765 actuum3
394 1708 494 1770 neque
523 1684 606 1748 enim
636 1683 726 1748 datur
755 1691 841 1747 actus
869 1684 1015 1768 potentiae
1044 1685 1174 1764 motivae,
1201 1686 1324 1770 quando

223 1798 334 1862 desunt
350 1820 456 1862 omnes
471 1818 597 1882 prorsus
610 1794 735 1860 termini
749 1793 888 1859 mobiles.
933 1797 1036 1881 Atque
1050 1796 1108 1861 boc
1131 1797 1254 1883 quidem
1278 1806 1324 1863 est

223 1911 297 1973 satis
311 1910 515 1995 perspicuum.
562 1907 596 1971 si
613 1929 697 1971 nunc
720 1928 774 1991 per
795 1906 979 1970 creationem
1002 1907 1161 1972 cuiusdam
1182 1908 1326 1974 elementi

223 2023 257 2085 in
277 2020 376 2105 spatio
397 2041 494 2084 unum
515 2040 552 2082 ex
572 2017 640 2081 istis
659 2020 710 2081 abi
724 2017 939 2101 cogitabilibus
955 2027 985 2082 et
1001 2018 1182 2084 virtualibus
1196 2020 1250 2084 fiat
1264 2020 1325 2085 for·

224 2133 313 2211 male,
331 2132 436 2196 statim
451 2131 542 2195 etiam
560 2130 697 2215 potentia
712 2129 810 2193 activa
823 2129 933 2215 prioris
948 2128 1090 2194 elementi
1108 2131 1271 2196 reducetur
1288 2132 1327 2197 ad

224 2255 326 2308 actum
356 2244 389 2307 in
413 2242 519 2307 eodem
543 2244 604 2322 ubi,
622 2250 651 2305 et
678 2241 735 2305 erit
760 2251 831 2305 actu
855 2239 909 2320 ibi,
932 2262 995 2305 non
1019 2250 1123 2307 tamen
1146 2244 1179 2308 in
1206 2266 1238 2308 se
1261 2245 1330 2330 ipsa

225 2365 355 2435 actuata,
370 2355 472 2420 sedin
487 2355 614 2419 materia
628 2352 754 2417 secundi
770 2352 922 2432 elementi,
937 2375 1007 2437 quae
1021 2354 1129 2439 recipit
1145 2363 1258 2435 actum,
1274 2376 1328 2421 seu

224 2468 367 2533 effectum
382 2476 479 2546 actus,
494 2466 588 2530 idest
604 2474 723 2529 motum
736 2464 912 2550 passivum:
936 2472 966 2529 et
981 2464 1057 2529 dum
1079 2465 1138 2531 boc
1157 2467 1328 2532 secundum

224 2581 409 2645 elementum
432 2587 637 2664 permotum,
660 2598 753 2663 quem
774 2576 902 2661 patitur,
925 2586 1042 2641 exercet
1072 2577 1329 2662 potentialitatem

226 2715 314 2756 suam
349 2691 500 2776 passivam
536 2688 707 2755 secundum
744 2688 929 2753 successivas
958 2688 1100 2753 formales
1129 2688 1329 2772 ubicationes,

226 2804 399 2867 actuabitur
425 2800 517 2866 simul
545 2801 684 2885 potentia
706 2800 805 2865 activa
833 2799 984 2864 moventis
1010 2801 1178 2866 secundum
1208 2800 1329 2868 easdem

227 2916 425 2994 abiectiones,
440 2936 504 2978 non
519 2912 670 2977 tamenin
686 2934 729 2990 se,
744 2910 798 2976 sed
813 2912 846 2975 in
862 2912 926 2976 suis
941 2911 1109 2977 effectibus.
1147 2912 1330 2979 curantem

227 3051 291 3092 non
312 3036 452 3092 actuetur
473 3025 612 3111 potentia
632 3025 731 3088 activa
751 3024 785 3087 in
808 3044 841 3087 se
863 3046 917 3109 per
939 3046 1031 3087 suum
1054 3034 1168 3104 actum,
1182 3025 1270 3091 facile
1285 3035 1333 3092 est

228 3139 419 3223 intelligere:
443 3160 515 3201 nam
543 3136 594 3200 bic
623 3144 708 3200 actus
734 3144 781 3199 est
804 3136 956 3199 transiens
980 3145 1010 3199 et
1031 3135 1187 3201 effectivus
1210 3147 1333 3219 motus;

229 3272 304 3334 ergo
324 3273 388 3313 non
410 3249 449 3312 ad
471 3248 563 3326 iutra,
580 3246 634 3311 sed
656 3247 694 3311 ad
716 3255 801 3311 extra
823 3236 964 3311 actuatur
984 3248 1122 3331 potentia
1144 3249 1259 3314 motiva
1279 3272 1335 3336 per

231 3385 321 3426 suum
347 3369 449 3424 actum
461 3384 471 3437 ;
505 3359 589 3424 unde
614 3368 661 3423 est
685 3358 778 3443 quod,
801 3358 925 3443 quando
949 3359 1051 3444 prodit
1074 3360 1106 3423 in
1133 3370 1246 3441 actum,
1270 3386 1335 3428 non

231 3466 332 3559 potest
347 3472 407 3536 dici
422 3470 543 3535 ubicata
558 3470 730 3548 intrinsece,
740 3470 794 3534 sed
808 3480 930 3535 tantum
942 3472 1153 3537 denominative
1165 3495 1220 3557 per
1234 3483 1336 3539 trans-

231 3585 378 3648 lationem
397 3586 436 3647 ab
458 3582 631 3647 ubicatione
648 3581 792 3659 materiae,
809 3582 842 3645 in
859 3605 921 3668 qua
938 3590 1024 3647 actus
1046 3584 1189 3668 producit
1203 3593 1334 3655 motum.

234 3697 268 3761 Si
289 3703 431 3760 creentur
450 3694 508 3759 alia
527 3703 558 3758 et
579 3694 638 3758 alia
652 3693 813 3772 elementa,
829 3694 1025 3759 habebuntur
1039 3694 1098 3759 alia
1111 3697 1163 3759 udi
1177 3696 1338 3777 formalia3

232 3817 263 3873 et
278 3803 415 3892 potentia
429 3807 526 3870 activa
538 3800 632 3869 unius
647 3804 792 3869 elementi
808 3805 971 3870 reducetur
986 3806 1139 3870 adactum
1151 3806 1184 3870 in
1193 3807 1337 3873 omnibus

233 3920 294 3984 illis
307 3920 368 3996 noi,
383 3927 415 3982 et
429 3918 487 3982 erit
501 3927 572 3981 actu
587 3918 620 3981 iu
635 3916 696 3981 illis
711 3916 857 3981 omnibus
871 3925 1002 3996 actuata,
1018 3892 1200 3983 nontamen
1216 3928 1337 3985 actuata

234 4033 265 4096 in
281 4055 324 4110 se,
340 4029 441 4095 sedin
457 4029 520 4093 suis
535 4028 693 4092 effectibus
708 4029 762 4113 qui
776 4028 810 4091 in
826 4028 953 4093 materia
966 4028 1095 4093 aliorum
1115 4030 1337 4096 elementorum

233 4144 433 4229 recipiuntur,
448 4141 488 4205 ob
502 4139 652 4204 rationem
666 4138 855 4224 pradictum.
884 4138 923 4202 In
938 4138 1081 4203 omnibus
1097 4150 1198 4205 autem
1213 4142 1338 4227 punctis

235 4255 327 4349 spatii
336 4252 528 4332 virtualibus,
539 4251 572 4315 in
584 4250 697 4336 quibus
708 4250 830 4313 nullum
845 4258 892 4315 est
906 4258 977 4315 actu
992 4250 1178 4316 elementum
1194 4254 1338 4335 materiae,

235 4365 373 4451 potentia
387 4365 484 4429 activa
498 4385 561 4427 non
576 4363 689 4447 poterit
704 4385 769 4426 esse
784 4362 953 4427 secundum
969 4362 1100 4449 aliquem
1117 4386 1207 4429 suum
1223 4374 1336 4445 actum,
