3200 4984
293 387 337 450 68
706 406 750 449 nr
767 404 952 451 curremus
1237 384 1324 469 [oar.
1342 402 1397 445 111.

294 574 545 661 quotiescumque
567 573 695 658 quaestio
717 582 764 637 est
779 572 817 636 de
832 574 950 637 naturis
965 570 1153 651 huiusmodi,
1170 569 1292 635 admitti
1307 568 1398 633 debet

293 685 428 749 medium
441 685 522 749 inter
536 684 676 749 accidens
690 692 722 748 et
737 683 953 762 substantiam,
965 682 996 746 id
1012 691 1059 747 est
1074 682 1264 767 compositum
1278 704 1315 745 erc
1329 682 1398 745 aab·

292 798 407 861 stantia
432 804 461 860 ct
486 796 643 875 decime,
667 795 751 880 quod
774 804 822 859 est
847 795 922 881 quid
948 794 1094 874 medium,
1122 802 1153 858 ct
1182 802 1262 859 recte
1286 792 1399 857 dicitur

292 915 411 971 actara.
457 906 527 970 Hoc
541 907 644 991 ipsum
659 906 832 971 debuerunt
847 906 949 971 videre
963 906 1065 992 aliquo
1083 906 1175 970 modo
1196 905 1398 991 peripatetici,

294 1017 349 1102 qui
370 1018 552 1081 narratas
572 1038 634 1081 uon
658 1018 846 1103 simpliciter,
863 1018 917 1082 sed
937 1020 1118 1083 adulantius
1140 1018 1290 1081 naturales
1311 1040 1398 1082 voca·

294 1136 468 1191 verunteas
484 1127 649 1212 dequibus
669 1129 807 1213 agimus:
831 1138 863 1193 et
884 1129 994 1194 melius
1017 1130 1165 1194 dixissent
1186 1139 1310 1194 naturas
1331 1131 1399 1193 aab·

293 1240 456 1304 stratiotes.
483 1239 586 1303 Prima
601 1239 683 1304 enim
699 1241 862 1325 appellatio
878 1242 1050 1307 desumitur
1065 1241 1242 1306 amatoria:
1267 1241 1400 1305 secunda

294 1371 365 1414 varo
379 1349 551 1414 desumitur
564 1374 583 1415 a
597 1350 716 1430 forma;
740 1352 824 1436 quod
839 1361 885 1417 est
901 1353 1000 1438 magis
1015 1354 1273 1439 philosophicum.
1318 1352 1400 1429 Quae

294 1484 393 1546 nuper
407 1462 538 1527 diximus
553 1464 592 1527 de
606 1486 686 1549 aqua
700 1464 774 1528 satis
791 1465 943 1549 explicant
963 1473 1103 1529 naturam
1120 1488 1156 1529 ex
1174 1465 1346 1529 substantia
1368 1476 1400 1529 et

294 1573 449 1639 accidente
464 1575 635 1640 conflatam.
682 1574 831 1639 Similiter
845 1598 928 1660 ergo,
944 1599 1057 1641 nomen
1073 1575 1299 1641 substantivum
1315 1579 1403 1640 tomo

294 1685 445 1769 significat
467 1708 577 1771 corpus
599 1687 701 1753 anima
719 1688 859 1751 rationali
880 1689 1099 1753 informatum:
1123 1688 1280 1753 informari
1296 1697 1399 1753 autem

295 1796 397 1861 anima
411 1797 551 1861 rationali
566 1807 612 1861 eat
627 1798 743 1884 aliquid
759 1800 974 1884 superveniens
990 1800 1169 1865 substantiae
1184 1822 1348 1886 corporeae,
1364 1809 1400 1863 ut

294 1908 347 1971 sic.
392 1907 530 1972 Animari
546 1909 628 1973 enim
643 1911 795 1994 contingit
810 1912 945 1975 materiae
960 1912 1111 1975 existenti.
1157 1912 1293 1996 Ideoque
1307 1902 1400 1976 homo

295 2027 341 2082 est
360 2027 469 2083 notura
490 2042 550 2083 aaa
564 2022 768 2086 substantialis
779 2023 878 2106 magis
893 2044 984 2105 quam
1000 2045 1059 2085 aaa
1074 2024 1249 2086 substantia.
1295 2023 1336 2085 Et
1351 2022 1400 2085 in-

296 2131 447 2211 formatio,
472 2131 543 2196 licet
572 2142 711 2217 respectu
741 2134 921 2198 substantiae
944 2156 1095 2218 corporeae
1118 2134 1231 2213 uteie,
1259 2134 1299 2198 sit
1322 2134 1402 2197 acci-

296 2242 436 2322 dentalis,
451 2253 497 2309 est
518 2253 621 2308 tamen
644 2244 813 2308 essentialis
836 2246 1015 2329 composito,
1032 2245 1065 2308 id
1080 2253 1126 2309 est
1142 2245 1260 2330 corpori
1275 2245 1399 2310 viventi.

297 2355 413 2420 Contra
432 2380 503 2421 vero
527 2357 628 2420 anima
653 2357 719 2441 ipsa
744 2356 924 2435 informare,
950 2378 1012 2419 non
1038 2363 1085 2420 est
1111 2355 1235 2440 aliquod
1260 2355 1401 2419 accidens

295 2469 447 2553 corporis:
471 2492 534 2533 nou
554 2469 637 2533 enim
659 2469 793 2553 corporis
814 2476 849 2531 ut
864 2466 933 2547 vivi,
949 2468 1021 2553 quia
1035 2467 1099 2532 vita
1117 2490 1180 2531 non
1199 2476 1245 2531 est
1260 2468 1400 2531 accidens
1420 2464 1426 2475 ’

296 2580 365 2659 vivi,
378 2581 433 2645 sed
443 2582 541 2645 forma
556 2603 609 2644 seu
624 2580 742 2665 primus
758 2589 844 2643 actus
860 2580 945 2644 eius:
969 2602 1025 2643 nec
1040 2580 1132 2643 etiam
1148 2580 1281 2664 corporis
1296 2590 1331 2643 ut
1347 2580 1403 2658 sic)

296 2692 369 2776 quia
383 2715 492 2777 corpus
507 2701 543 2756 ut
558 2692 601 2756 sic
616 2714 679 2756 non
699 2701 745 2755 est
766 2692 936 2756 animatum
946 2718 955 2770 3
978 2700 1009 2755 et
1032 2691 1074 2755 sic
1094 2691 1197 2755 anima
1214 2713 1277 2755 non
1300 2700 1346 2754 est
1365 2692 1399 2754 in

296 2826 332 2866 eo
352 2803 415 2867 ullo
436 2804 536 2867 modo.
583 2804 617 2867 Si
641 2825 712 2867 vcro
734 2826 845 2887 corpus
863 2803 1028 2888 accipiatur
1050 2812 1086 2867 ut
1105 2803 1282 2887 organicum
1309 2811 1339 2865 et
1367 2803 1399 2867 in

297 2915 433 2998 potentia
449 2916 542 2979 vitam
557 2913 682 2993 habens,
697 2922 773 2978 tunc
789 2914 890 2978 anima
905 2916 1035 2978 refertur
1050 2914 1088 2978 ad
1103 2914 1182 2981 illud
1198 2922 1232 2978 ut
1251 2922 1336 2978 actus
1359 2913 1399 2977 ad

297 3025 477 3111 potentiam,
499 3049 553 3089 seu
574 3034 608 3089 ut
626 3026 726 3089 forma
745 3026 784 3090 ad
806 3027 964 3091 materiam
989 3026 1182 3091 aotuabilem.
1229 3026 1309 3103 Quia
1330 3049 1400 3089 vcro

297 3137 329 3201 id
344 3138 426 3223 quod
448 3147 494 3202 est
510 3137 659 3202 aotuabile
673 3138 707 3202 in
723 3161 848 3223 corpore
861 3147 934 3223 apto
950 3138 1096 3203 advitam
1113 3148 1158 3202 est
1174 3140 1276 3223 ipsum
1290 3138 1400 3218 vivore,

295 3251 364 3314 ideo
379 3251 481 3315 anima
495 3260 541 3313 est
555 3251 674 3335 primus
689 3259 776 3315 actus
788 3249 916 3315 viventis
932 3264 967 3313 ut
978 3250 1114 3313 viventis.
1142 3251 1203 3315 Sed
1217 3250 1289 3335 quia
1302 3250 1401 3315 lacere

297 3386 407 3447 corpus
422 3364 488 3426 fieri
503 3371 573 3426 actu
585 3362 688 3426 vivens
703 3385 766 3426 non
782 3371 828 3425 est
843 3362 940 3427 lacere
955 3383 1066 3446 corpus
1083 3362 1181 3445 primo
1197 3362 1332 3451 existere,
1346 3362 1401 3425 sed

296 3482 343 3537 est
358 3482 498 3537 naturam
515 3495 688 3561 corpoream
705 3473 884 3558 simpliciter
903 3472 1023 3537 trahere
1044 3473 1083 3536 ad
1104 3483 1245 3539 naturam
1262 3474 1399 3550 viventis,

297 3585 365 3649 ideo
381 3586 483 3650 anima
497 3608 559 3649 non
576 3597 622 3649 est
636 3585 735 3649 forma
749 3584 825 3649 dans
841 3584 960 3667 corpori
976 3605 1040 3647 erse
1057 3582 1245 3665 substantiae,
1259 3585 1311 3649 sed
1323 3585 1400 3649 dans

297 3699 416 3783 corpori
433 3721 498 3763 esse
512 3697 661 3762 viventis:
685 3707 715 3759 et
734 3696 804 3759 ideo
824 3694 958 3779 primum
978 3694 1060 3779 quod
1083 3696 1280 3780 consequitur
1299 3718 1334 3759 ex
1352 3696 1401 3758 in·

183 3877 190 3889 ,
297 3812 478 3878 formatione
492 3820 538 3874 est
553 3833 614 3874 ease
627 3818 740 3873 cuturn
753 3808 886 3875 aveatis.

341 3928 393 3988 60.
417 3924 496 3987 Hoec
517 3930 643 4005 possent
666 3920 801 3983 sufficere
823 3917 863 3981 ad
885 3916 1109 3981 ostendendum
1139 3916 1222 4001 quod
1250 3916 1401 4001 principia

205 4038 214 4053 ⁶
297 4036 427 4099 deducta
446 4057 482 4097 ex
500 4033 625 4119 physica
644 4031 911 4116 peripateticorum
933 4052 996 4092 non
1019 4038 1149 4114 possunt
1172 4028 1319 4092 resolvere
1342 4029 1400 4093 dif-

295 4145 446 4209 ficultates
463 4144 558 4207 lactas
578 4143 657 4207 circa
679 4142 792 4205 formas
815 4139 1041 4220 substantiales,
1057 4163 1126 4225 quae
1148 4150 1214 4203 tum
1239 4140 1277 4205 de
1298 4142 1400 4204 anima

297 4266 364 4319 tum
380 4256 417 4319 de
432 4255 499 4318 aliis
515 4254 618 4337 agenti
633 4276 788 4318 occurrere
812 4252 920 4315 solent.
963 4252 1024 4315 Sed
1039 4252 1111 4337 quia
1126 4275 1163 4315 cx
1177 4274 1254 4316 nova
1270 4252 1399 4317 difficul-

296 4376 369 4444 tate,
380 4388 471 4451 quam
483 4366 514 4427 S.
528 4364 660 4428 Thomas
676 4366 803 4443 notavit,
817 4386 979 4448 possumus
994 4364 1106 4429 iterum
1122 4365 1299 4429 confirmare
1315 4364 1399 4449 quod
