<?xml version="1.0" encoding="UTF-8"?>
<!DOCTYPE html PUBLIC "-//W3C//DTD XHTML 1.0 Transitional//EN"
    "http://www.w3.org/TR/xhtml1/DTD/xhtml1-transitional.dtd">
<html xmlns="http://www.w3.org/1999/xhtml" xml:lang="en" lang="en">
 <head>
  <title>
</title>
<meta http-equiv="Content-Type" content="text/html;charset=utf-8" />
  <meta name='ocr-system' content='tesseract 3.04.00' />
  <meta name='ocr-capabilities' content='ocr_page ocr_carea ocr_par ocr_line ocrx_word'/>
</head>
<body>
  <div class='ocr_page' id='page_1' title='image "./realisphilosoph00baymgoog_0235.png"; bbox 0 0 3200 4984; ppageno 0'>
   <div class='ocr_carea' id='block_1_1' title="bbox 209 390 1316 475">
    <p class='ocr_par' dir='ltr' id='par_1_1' title="bbox 209 390 1316 475">
     <span class='ocr_line' id='line_1_1' title="bbox 209 390 1316 475; baseline 0.002 -20"><span class='ocrx_word' id='word_1_1' title='bbox 209 410 280 457; x_wconf 77' lang='lat' dir='ltr'><strong>car.</strong></span> <span class='ocrx_word' id='word_1_2' title='bbox 296 390 366 475; x_wconf 89' lang='lat'>111.]</span> <span class='ocrx_word' id='word_1_3' title='bbox 544 411 586 453; x_wconf 82' lang='lat' dir='ltr'><strong>ns</strong></span> <span class='ocrx_word' id='word_1_4' title='bbox 602 409 1006 456; x_wconf 76' lang='lat' dir='ltr'><strong>scssrsurrsconroncs.</strong></span> <span class='ocrx_word' id='word_1_5' title='bbox 1141 469 1144 474; x_wconf 90' lang='lat'>.</span> <span class='ocrx_word' id='word_1_6' title='bbox 1248 392 1316 457; x_wconf 80' lang='lat'><strong>217·</strong></span> 
     </span>
    </p>
   </div>
   <div class='ocr_carea' id='block_1_2' title="bbox 211 577 1316 664">
    <p class='ocr_par' dir='ltr' id='par_1_2' title="bbox 211 577 1316 664">
     <span class='ocr_line' id='line_1_2' title="bbox 211 577 1316 664; baseline -0.001 -22"><span class='ocrx_word' id='word_1_7' title='bbox 211 588 337 664; x_wconf 89' lang='lat' dir='ltr'><strong>propter</strong></span> <span class='ocrx_word' id='word_1_8' title='bbox 360 600 515 643; x_wconf 80' lang='lat' dir='ltr'>excessum</span> <span class='ocrx_word' id='word_1_9' title='bbox 536 577 726 644; x_wconf 79' lang='lat' dir='ltr'><strong>attractionis</strong></span> <span class='ocrx_word' id='word_1_10' title='bbox 748 577 933 662; x_wconf 90' lang='lat' dir='ltr'><strong>productum</strong></span> <span class='ocrx_word' id='word_1_11' title='bbox 955 600 991 642; x_wconf 85' lang='lat' dir='ltr'><strong>ex</strong></span> <span class='ocrx_word' id='word_1_12' title='bbox 1014 586 1135 643; x_wconf 82' lang='lat' dir='ltr'><strong>recessu</strong></span> <span class='ocrx_word' id='word_1_13' title='bbox 1156 579 1316 641; x_wconf 82' lang='lat' dir='ltr'><strong>minuente</strong></span> 
     </span>
    </p>
   </div>
   <div class='ocr_carea' id='block_1_3' title="bbox 155 688 1323 4469">
    <p class='ocr_par' dir='ltr' id='par_1_3' title="bbox 210 688 1318 1334">
     <span class='ocr_line' id='line_1_3' title="bbox 212 688 1316 776; baseline -0.001 -22"><span class='ocrx_word' id='word_1_14' title='bbox 212 689 657 776; x_wconf 88' lang='lat' dir='ltr'><strong>repulsioncsiuvoluerorum,</strong></span> <span class='ocrx_word' id='word_1_15' title='bbox 672 689 800 753; x_wconf 86' lang='lat' dir='ltr'><strong>tendent</strong></span> <span class='ocrx_word' id='word_1_16' title='bbox 819 688 986 754; x_wconf 88' lang='lat' dir='ltr'><strong>iterumad</strong></span> <span class='ocrx_word' id='word_1_17' title='bbox 1007 689 1316 775; x_wconf 86' lang='lat' dir='ltr'><strong>appropinquandum</strong></span> 
     </span>
     <span class='ocr_line' id='line_1_4' title="bbox 210 801 1316 868; baseline 0 -1"><span class='ocrx_word' id='word_1_18' title='bbox 210 803 316 867; x_wconf 89' lang='lat' dir='ltr'><strong>statim</strong></span> <span class='ocrx_word' id='word_1_19' title='bbox 340 825 375 867; x_wconf 90' lang='lat' dir='ltr'><strong>ao</strong></span> <span class='ocrx_word' id='word_1_20' title='bbox 400 802 509 867; x_wconf 91' lang='lat' dir='ltr'><strong>tractio</strong></span> <span class='ocrx_word' id='word_1_21' title='bbox 535 803 706 867; x_wconf 79' lang='lat' dir='ltr'><strong>cessaverit.</strong></span> <span class='ocrx_word' id='word_1_22' title='bbox 751 802 785 866; x_wconf 85' lang='lat' dir='ltr'><strong>si</strong></span> <span class='ocrx_word' id='word_1_23' title='bbox 811 810 914 868; x_wconf 89' lang='lat' dir='ltr'><strong>autem</strong></span> <span class='ocrx_word' id='word_1_24' title='bbox 939 801 1017 867; x_wconf 84' lang='lat' dir='ltr'><strong>vires</strong></span> <span class='ocrx_word' id='word_1_25' title='bbox 1039 804 1071 867; x_wconf 77' lang='lat' dir='ltr'><em>A</em></span> <span class='ocrx_word' id='word_1_26' title='bbox 1096 811 1128 868; x_wconf 90' lang='lat' dir='ltr'><strong>et</strong></span> <span class='ocrx_word' id='word_1_27' title='bbox 1150 801 1190 865; x_wconf 81' lang='lat' dir='ltr'><strong>A¹</strong></span> <span class='ocrx_word' id='word_1_28' title='bbox 1213 811 1316 867; x_wconf 84' lang='lat' dir='ltr'><strong>essent</strong></span> 
     </span>
     <span class='ocr_line' id='line_1_5' title="bbox 212 912 1316 999; baseline 0.003 -22"><span class='ocrx_word' id='word_1_29' title='bbox 212 912 384 992; x_wconf 82' lang='lat' dir='ltr'><strong>debiliores,</strong></span> <span class='ocrx_word' id='word_1_30' title='bbox 407 912 496 977; x_wconf 86' lang='lat' dir='ltr'><strong>facile</strong></span> <span class='ocrx_word' id='word_1_31' title='bbox 517 912 676 992; x_wconf 87' lang='lat' dir='ltr'><strong>accideret,</strong></span> <span class='ocrx_word' id='word_1_32' title='bbox 692 923 727 977; x_wconf 90' lang='lat' dir='ltr'><strong>ut</strong></span> <span class='ocrx_word' id='word_1_33' title='bbox 750 936 804 999; x_wconf 93' lang='lat' dir='ltr'><strong>per</strong></span> <span class='ocrx_word' id='word_1_34' title='bbox 823 914 1005 979; x_wconf 89' lang='lat' dir='ltr'><strong>tractionem</strong></span> <span class='ocrx_word' id='word_1_35' title='bbox 1024 937 1087 979; x_wconf 91' lang='lat' dir='ltr'><strong>una</strong></span> <span class='ocrx_word' id='word_1_36' title='bbox 1107 914 1256 979; x_wconf 89' lang='lat' dir='ltr'><strong>molecula</strong></span> <span class='ocrx_word' id='word_1_37' title='bbox 1276 914 1316 980; x_wconf 93' lang='lat' dir='ltr'><strong>ab</strong></span> 
     </span>
     <span class='ocr_line' id='line_1_6' title="bbox 211 1024 1318 1111; baseline 0.001 -22"><span class='ocrx_word' id='word_1_38' title='bbox 211 1024 271 1089; x_wconf 89' lang='lat' dir='ltr'><strong>alia</strong></span> <span class='ocrx_word' id='word_1_39' title='bbox 292 1034 495 1110; x_wconf 83' lang='lat' dir='ltr'><strong>separaretur,</strong></span> <span class='ocrx_word' id='word_1_40' title='bbox 517 1025 564 1090; x_wconf 90' lang='lat' dir='ltr'><strong>vel</strong></span> <span class='ocrx_word' id='word_1_41' title='bbox 587 1035 632 1105; x_wconf 92' lang='lat' dir='ltr'><strong>ut,</strong></span> <span class='ocrx_word' id='word_1_42' title='bbox 656 1025 783 1091; x_wconf 89' lang='lat' dir='ltr'><strong>dilatato</strong></span> <span class='ocrx_word' id='word_1_43' title='bbox 806 1026 952 1111; x_wconf 88' lang='lat' dir='ltr'><strong>utrinque</strong></span> <span class='ocrx_word' id='word_1_44' title='bbox 973 1026 1130 1093; x_wconf 90' lang='lat' dir='ltr'><strong>involucro</strong></span> <span class='ocrx_word' id='word_1_45' title='bbox 1154 1026 1318 1111; x_wconf 80' lang='lat' dir='ltr'><strong>repulsivo,</strong></span> 
     </span>
     <span class='ocr_line' id='line_1_7' title="bbox 211 1138 1316 1222; baseline 0.003 -21"><span class='ocrx_word' id='word_1_46' title='bbox 211 1146 376 1222; x_wconf 82' lang='lat' dir='ltr'><strong>augeretur</strong></span> <span class='ocrx_word' id='word_1_47' title='bbox 404 1146 579 1202; x_wconf 82' lang='lat' dir='ltr'><strong>constanter</strong></span> <span class='ocrx_word' id='word_1_48' title='bbox 602 1138 748 1203; x_wconf 88' lang='lat' dir='ltr'><strong>diameter</strong></span> <span class='ocrx_word' id='word_1_49' title='bbox 774 1138 1003 1218; x_wconf 90' lang='lat' dir='ltr'><strong>molecularum,</strong></span> <span class='ocrx_word' id='word_1_50' title='bbox 1029 1149 1060 1204; x_wconf 88' lang='lat' dir='ltr'><strong>et</strong></span> <span class='ocrx_word' id='word_1_51' title='bbox 1086 1148 1162 1203; x_wconf 89' lang='lat' dir='ltr'><strong>tnnc</strong></span> <span class='ocrx_word' id='word_1_52' title='bbox 1184 1161 1248 1203; x_wconf 89' lang='lat' dir='ltr'><strong>non</strong></span> <span class='ocrx_word' id='word_1_53' title='bbox 1269 1161 1316 1204; x_wconf 89' lang='lat' dir='ltr'><strong>re-</strong></span> 
     </span>
     <span class='ocr_line' id='line_1_8' title="bbox 210 1248 923 1334; baseline 0.001 -21"><span class='ocrx_word' id='word_1_54' title='bbox 210 1248 293 1325; x_wconf 86' lang='lat' dir='ltr'><strong>diret</strong></span> <span class='ocrx_word' id='word_1_55' title='bbox 308 1272 417 1334; x_wconf 90' lang='lat' dir='ltr'><strong>corpus</strong></span> <span class='ocrx_word' id='word_1_56' title='bbox 432 1249 472 1313; x_wconf 90' lang='lat' dir='ltr'><strong>ad</strong></span> <span class='ocrx_word' id='word_1_57' title='bbox 487 1249 673 1334; x_wconf 88' lang='lat' dir='ltr'><strong>primitivam</strong></span> <span class='ocrx_word' id='word_1_58' title='bbox 686 1249 923 1334; x_wconf 84' lang='lat' dir='ltr'><strong>longitudinem.</strong></span> 
     </span>
    </p>

    <p class='ocr_par' dir='ltr' id='par_1_4' title="bbox 206 1360 1319 2672">
     <span class='ocr_line' id='line_1_9' title="bbox 258 1360 1317 1443; baseline 0.004 -19"><span class='ocrx_word' id='word_1_59' title='bbox 258 1364 331 1425; x_wconf 79' lang='lat'>125.</span> <span class='ocrx_word' id='word_1_60' title='bbox 355 1361 533 1425; x_wconf 79' lang='lat' dir='ltr'><strong>Eleaticitus</strong></span> <span class='ocrx_word' id='word_1_61' title='bbox 541 1362 696 1443; x_wconf 75' lang='lat' dir='ltr'><strong>flectaris.-</strong></span> <span class='ocrx_word' id='word_1_62' title='bbox 741 1360 817 1425; x_wconf 81' lang='lat' dir='ltr'><strong>Hac</strong></span> <span class='ocrx_word' id='word_1_63' title='bbox 832 1360 979 1426; x_wconf 84' lang='lat' dir='ltr'><strong>definitur</strong></span> <span class='ocrx_word' id='word_1_64' title='bbox 992 1362 1038 1426; x_wconf 83' lang='lat' dir='ltr'><strong>vis</strong></span> <span class='ocrx_word' id='word_1_65' title='bbox 1058 1362 1218 1427; x_wconf 86' lang='lat' dir='ltr'><strong>attractiva</strong></span> <span class='ocrx_word' id='word_1_66' title='bbox 1232 1363 1317 1443; x_wconf 85' lang='lat' dir='ltr'><strong>hinc,</strong></span> 
     </span>
     <span class='ocr_line' id='line_1_10' title="bbox 213 1458 1319 1560; baseline 0.002 -23"><span class='ocrx_word' id='word_1_67' title='bbox 213 1481 245 1537; x_wconf 87' lang='lat' dir='ltr'><strong>et</strong></span> <span class='ocrx_word' id='word_1_68' title='bbox 260 1471 333 1537; x_wconf 88' lang='lat' dir='ltr'><strong>inde</strong></span> <span class='ocrx_word' id='word_1_69' title='bbox 358 1472 521 1558; x_wconf 89' lang='lat' dir='ltr'><strong>repulsiva,</strong></span> <span class='ocrx_word' id='word_1_70' title='bbox 535 1458 615 1537; x_wconf 83' lang='lat' dir='ltr'><strong>inter</strong></span> <span class='ocrx_word' id='word_1_71' title='bbox 630 1472 811 1538; x_wconf 89' lang='lat' dir='ltr'><strong>moleculam</strong></span> <span class='ocrx_word' id='word_1_72' title='bbox 833 1482 864 1538; x_wconf 89' lang='lat' dir='ltr'><strong>et</strong></span> <span class='ocrx_word' id='word_1_73' title='bbox 886 1473 1078 1554; x_wconf 87' lang='lat' dir='ltr'><strong>moleculam,</strong></span> <span class='ocrx_word' id='word_1_74' title='bbox 1088 1483 1251 1560; x_wconf 80' lang='lat' dir='ltr'><strong>provocata</strong></span> <span class='ocrx_word' id='word_1_75' title='bbox 1262 1498 1319 1559; x_wconf 86' lang='lat' dir='ltr'><strong>per</strong></span> 
     </span>
     <span class='ocr_line' id='line_1_11' title="bbox 206 1585 1318 1671; baseline 0.001 -22"><span class='ocrx_word' id='word_1_76' title='bbox 206 1585 377 1667; x_wconf 77' lang='lat' dir='ltr'><strong>flecimrem,</strong></span> <span class='ocrx_word' id='word_1_77' title='bbox 401 1607 456 1648; x_wconf 90' lang='lat' dir='ltr'><strong>seu</strong></span> <span class='ocrx_word' id='word_1_78' title='bbox 477 1606 532 1669; x_wconf 87' lang='lat' dir='ltr'><strong>per</strong></span> <span class='ocrx_word' id='word_1_79' title='bbox 553 1585 732 1649; x_wconf 89' lang='lat' dir='ltr'><strong>tractionem</strong></span> <span class='ocrx_word' id='word_1_80' title='bbox 750 1608 786 1649; x_wconf 85' lang='lat' dir='ltr'><strong>ex</strong></span> <span class='ocrx_word' id='word_1_81' title='bbox 806 1608 869 1649; x_wconf 90' lang='lat' dir='ltr'><strong>una</strong></span> <span class='ocrx_word' id='word_1_82' title='bbox 886 1594 973 1669; x_wconf 89' lang='lat' dir='ltr'><strong>parte</strong></span> <span class='ocrx_word' id='word_1_83' title='bbox 995 1594 1027 1650; x_wconf 91' lang='lat' dir='ltr'><strong>et</strong></span> <span class='ocrx_word' id='word_1_84' title='bbox 1052 1586 1318 1671; x_wconf 75' lang='lat' dir='ltr'><strong>per&#39;pressionem</strong></span> 
     </span>
     <span class='ocr_line' id='line_1_12' title="bbox 214 1696 1319 1783; baseline 0.002 -22"><span class='ocrx_word' id='word_1_85' title='bbox 214 1720 250 1761; x_wconf 83' lang='lat' dir='ltr'><strong>ex</strong></span> <span class='ocrx_word' id='word_1_86' title='bbox 272 1697 377 1775; x_wconf 89' lang='lat' dir='ltr'><strong>altera,</strong></span> <span class='ocrx_word' id='word_1_87' title='bbox 400 1719 495 1781; x_wconf 88' lang='lat' dir='ltr'><strong>agens</strong></span> <span class='ocrx_word' id='word_1_88' title='bbox 518 1705 553 1760; x_wconf 91' lang='lat' dir='ltr'><strong>ut</strong></span> <span class='ocrx_word' id='word_1_89' title='bbox 574 1696 727 1782; x_wconf 87' lang='lat' dir='ltr'><strong>repulsiva</strong></span> <span class='ocrx_word' id='word_1_90' title='bbox 750 1698 784 1761; x_wconf 92' lang='lat' dir='ltr'><strong>in</strong></span> <span class='ocrx_word' id='word_1_91' title='bbox 810 1698 998 1782; x_wconf 87' lang='lat' dir='ltr'><strong>pressionem</strong></span> <span class='ocrx_word' id='word_1_92' title='bbox 1016 1721 1085 1783; x_wconf 79' lang='lat' dir='ltr'><strong>quae</strong></span> <span class='ocrx_word' id='word_1_93' title='bbox 1107 1707 1263 1763; x_wconf 85' lang='lat' dir='ltr'><strong>exercetur</strong></span> <span class='ocrx_word' id='word_1_94' title='bbox 1286 1699 1319 1763; x_wconf 91' lang='lat' dir='ltr'><strong>in</strong></span> 
     </span>
     <span class='ocr_line' id='line_1_13' title="bbox 214 1808 1319 1896; baseline 0.002 -23"><span class='ocrx_word' id='word_1_95' title='bbox 214 1808 401 1873; x_wconf 90' lang='lat' dir='ltr'><strong>concavitate</strong></span> <span class='ocrx_word' id='word_1_96' title='bbox 422 1830 521 1873; x_wconf 78' lang='lat' dir='ltr'><strong>curva</strong></span> <span class='ocrx_word' id='word_1_97' title='bbox 546 1809 611 1893; x_wconf 84' lang='lat' dir='ltr'>(fig.</span> <span class='ocrx_word' id='word_1_98' title='bbox 630 1810 683 1893; x_wconf 90' lang='lat'><strong>18)</strong></span> <span class='ocrx_word' id='word_1_99' title='bbox 706 1818 736 1873; x_wconf 92' lang='lat' dir='ltr'><strong>et</strong></span> <span class='ocrx_word' id='word_1_100' title='bbox 756 1817 793 1873; x_wconf 90' lang='lat' dir='ltr'><strong>ut</strong></span> <span class='ocrx_word' id='word_1_101' title='bbox 815 1809 975 1874; x_wconf 88' lang='lat' dir='ltr'><strong>attractiva</strong></span> <span class='ocrx_word' id='word_1_102' title='bbox 994 1810 1028 1873; x_wconf 91' lang='lat' dir='ltr'><strong>in</strong></span> <span class='ocrx_word' id='word_1_103' title='bbox 1051 1810 1229 1874; x_wconf 91' lang='lat' dir='ltr'><strong>tractionem</strong></span> <span class='ocrx_word' id='word_1_104' title='bbox 1250 1833 1319 1896; x_wconf 86' lang='lat' dir='ltr'><strong>quae</strong></span> 
     </span>
     <span class='ocr_line' id='line_1_14' title="bbox 214 1920 1318 2007; baseline 0.003 -24"><span class='ocrx_word' id='word_1_105' title='bbox 214 1930 369 1983; x_wconf 86' lang='lat' dir='ltr'><strong>exercetur</strong></span> <span class='ocrx_word' id='word_1_106' title='bbox 383 1920 416 1983; x_wconf 87' lang='lat' dir='ltr'><strong>in</strong></span> <span class='ocrx_word' id='word_1_107' title='bbox 437 1920 625 1985; x_wconf 86' lang='lat' dir='ltr'><strong>convexitate</strong></span> <span class='ocrx_word' id='word_1_108' title='bbox 640 1942 748 1985; x_wconf 79' lang='lat' dir='ltr'><strong>curvae.</strong></span> <span class='ocrx_word' id='word_1_109' title='bbox 792 1920 835 1984; x_wconf 82' lang='lat' dir='ltr'><strong>Et</strong></span> <span class='ocrx_word' id='word_1_110' title='bbox 854 1931 951 2006; x_wconf 83' lang='lat' dir='ltr'><strong>patet.</strong></span> <span class='ocrx_word' id='word_1_111' title='bbox 994 1922 1077 1985; x_wconf 89' lang='lat' dir='ltr'><strong>Nam</strong></span> <span class='ocrx_word' id='word_1_112' title='bbox 1092 1930 1128 1985; x_wconf 91' lang='lat' dir='ltr'><strong>ut</strong></span> <span class='ocrx_word' id='word_1_113' title='bbox 1149 1922 1233 2007; x_wconf 86' lang='lat' dir='ltr'><strong>virga</strong></span> <span class='ocrx_word' id='word_1_114' title='bbox 1246 1921 1318 1987; x_wconf 86' lang='lat' dir='ltr'><strong>flec-</strong></span> 
     </span>
     <span class='ocr_line' id='line_1_15' title="bbox 215 2027 1318 2117; baseline 0.003 -22"><span class='ocrx_word' id='word_1_115' title='bbox 215 2042 299 2095; x_wconf 89' lang='lat' dir='ltr'><strong>tatur</strong></span> <span class='ocrx_word' id='word_1_116' title='bbox 319 2031 353 2094; x_wconf 91' lang='lat' dir='ltr'><strong>in</strong></span> <span class='ocrx_word' id='word_1_117' title='bbox 371 2053 485 2111; x_wconf 91' lang='lat' dir='ltr'><strong>arcum,</strong></span> <span class='ocrx_word' id='word_1_118' title='bbox 500 2052 570 2116; x_wconf 89' lang='lat' dir='ltr'><strong>pars</strong></span> <span class='ocrx_word' id='word_1_119' title='bbox 590 2032 719 2095; x_wconf 84' lang='lat' dir='ltr'><strong>exterior</strong></span> <span class='ocrx_word' id='word_1_120' title='bbox 733 2027 822 2094; x_wconf 89' lang='lat' dir='ltr'><strong>MN</strong></span> <span class='ocrx_word' id='word_1_121' title='bbox 830 2031 922 2096; x_wconf 91' lang='lat' dir='ltr'><strong>debet</strong></span> <span class='ocrx_word' id='word_1_122' title='bbox 941 2032 1166 2117; x_wconf 86' lang='lat' dir='ltr'><strong>aliquantulum</strong></span> <span class='ocrx_word' id='word_1_123' title='bbox 1186 2032 1318 2113; x_wconf 85' lang='lat' dir='ltr'><strong>extendi,</strong></span> 
     </span>
     <span class='ocr_line' id='line_1_16' title="bbox 217 2141 1318 2227; baseline 0.005 -22"><span class='ocrx_word' id='word_1_124' title='bbox 217 2152 248 2206; x_wconf 91' lang='lat' dir='ltr'><strong>et</strong></span> <span class='ocrx_word' id='word_1_125' title='bbox 270 2141 396 2206; x_wconf 90' lang='lat' dir='ltr'><strong>interior</strong></span> <span class='ocrx_word' id='word_1_126' title='bbox 411 2165 468 2205; x_wconf 83' lang='lat' dir='ltr'><strong>mu</strong></span> <span class='ocrx_word' id='word_1_127' title='bbox 483 2142 651 2226; x_wconf 89' lang='lat' dir='ltr'><strong>comprimi.</strong></span> <span class='ocrx_word' id='word_1_128' title='bbox 698 2142 808 2227; x_wconf 87' lang='lat' dir='ltr'><strong>Itaque</strong></span> <span class='ocrx_word' id='word_1_129' title='bbox 823 2144 901 2207; x_wconf 91' lang='lat' dir='ltr'><strong>actio</strong></span> <span class='ocrx_word' id='word_1_130' title='bbox 922 2144 1080 2209; x_wconf 89' lang='lat' dir='ltr'><strong>attractiva</strong></span> <span class='ocrx_word' id='word_1_131' title='bbox 1101 2145 1318 2211; x_wconf 90' lang='lat' dir='ltr'><strong>molecularum</strong></span> 
     </span>
     <span class='ocr_line' id='line_1_17' title="bbox 215 2253 1319 2340; baseline 0.004 -23"><span class='ocrx_word' id='word_1_132' title='bbox 215 2253 317 2317; x_wconf 92' lang='lat' dir='ltr'><strong>tendit</strong></span> <span class='ocrx_word' id='word_1_133' title='bbox 332 2253 371 2317; x_wconf 89' lang='lat' dir='ltr'><strong>ad</strong></span> <span class='ocrx_word' id='word_1_134' title='bbox 380 2253 616 2318; x_wconf 86' lang='lat' dir='ltr'><strong>abbreviandum</strong></span> <span class='ocrx_word' id='word_1_135' title='bbox 630 2254 743 2318; x_wconf 90' lang='lat' dir='ltr'><strong>iterum</strong></span> <span class='ocrx_word' id='word_1_136' title='bbox 759 2256 847 2318; x_wconf 91' lang='lat' dir='ltr'><strong>MN</strong></span> <span class='ocrx_word' id='word_1_137' title='bbox 855 2277 910 2340; x_wconf 90' lang='lat' dir='ltr'><strong>per</strong></span> <span class='ocrx_word' id='word_1_138' title='bbox 924 2254 1135 2320; x_wconf 85' lang='lat' dir='ltr'><strong>elasticitatem</strong></span> <span class='ocrx_word' id='word_1_139' title='bbox 1150 2256 1319 2338; x_wconf 90' lang='lat' dir='ltr'><strong>tractionis,</strong></span> 
     </span>
     <span class='ocr_line' id='line_1_18' title="bbox 216 2364 1319 2452; baseline 0.003 -23"><span class='ocrx_word' id='word_1_140' title='bbox 216 2374 248 2429; x_wconf 91' lang='lat' dir='ltr'><strong>et</strong></span> <span class='ocrx_word' id='word_1_141' title='bbox 270 2365 349 2429; x_wconf 90' lang='lat' dir='ltr'><strong>actio</strong></span> <span class='ocrx_word' id='word_1_142' title='bbox 370 2364 642 2449; x_wconf 83' lang='lat' dir='ltr'><strong>repulsivatendit</strong></span> <span class='ocrx_word' id='word_1_143' title='bbox 661 2387 718 2450; x_wconf 91' lang='lat' dir='ltr'><strong>per</strong></span> <span class='ocrx_word' id='word_1_144' title='bbox 736 2365 946 2429; x_wconf 87' lang='lat' dir='ltr'><strong>elasticitatem</strong></span> <span class='ocrx_word' id='word_1_145' title='bbox 966 2367 1130 2452; x_wconf 90' lang='lat' dir='ltr'><strong>pressionis</strong></span> <span class='ocrx_word' id='word_1_146' title='bbox 1152 2367 1192 2432; x_wconf 89' lang='lat' dir='ltr'><strong>ad</strong></span> <span class='ocrx_word' id='word_1_147' title='bbox 1213 2378 1319 2432; x_wconf 81' lang='lat' dir='ltr'><strong>exten·</strong></span> 
     </span>
     <span class='ocr_line' id='line_1_19' title="bbox 218 2475 1319 2564; baseline 0.004 -23"><span class='ocrx_word' id='word_1_148' title='bbox 218 2476 353 2541; x_wconf 90' lang='lat' dir='ltr'><strong>dendum</strong></span> <span class='ocrx_word' id='word_1_149' title='bbox 368 2500 397 2539; x_wconf 86' lang='lat' dir='ltr'><strong>m</strong></span> <span class='ocrx_word' id='word_1_150' title='bbox 406 2500 436 2540; x_wconf 87' lang='lat' dir='ltr'><strong>u.</strong></span> <span class='ocrx_word' id='word_1_151' title='bbox 480 2475 564 2561; x_wconf 79' lang='lat' dir='ltr'><strong>Ergo</strong></span> <span class='ocrx_word' id='word_1_152' title='bbox 579 2476 743 2541; x_wconf 89' lang='lat' dir='ltr'><strong>elasticitas</strong></span> <span class='ocrx_word' id='word_1_153' title='bbox 757 2477 896 2542; x_wconf 80' lang='lat' dir='ltr'><strong>flexionis</strong></span> <span class='ocrx_word' id='word_1_154' title='bbox 910 2486 957 2543; x_wconf 91' lang='lat' dir='ltr'><strong>est</strong></span> <span class='ocrx_word' id='word_1_155' title='bbox 970 2478 1138 2564; x_wconf 88' lang='lat' dir='ltr'><strong>composita</strong></span> <span class='ocrx_word' id='word_1_156' title='bbox 1152 2502 1189 2544; x_wconf 82' lang='lat' dir='ltr'><strong>ex</strong></span> <span class='ocrx_word' id='word_1_157' title='bbox 1198 2480 1319 2545; x_wconf 92' lang='lat' dir='ltr'><strong>duabus</strong></span> 
     </span>
     <span class='ocr_line' id='line_1_20' title="bbox 218 2587 471 2672; baseline 0 -21"><span class='ocrx_word' id='word_1_158' title='bbox 218 2587 471 2672; x_wconf 84' lang='lat' dir='ltr'><strong>praeoedentibus.</strong></span> 
     </span>
    </p>

    <p class='ocr_par' dir='ltr' id='par_1_5' title="bbox 217 2700 1322 3678">
     <span class='ocr_line' id='line_1_21' title="bbox 263 2700 1319 2787; baseline 0.006 -25"><span class='ocrx_word' id='word_1_159' title='bbox 263 2702 337 2763; x_wconf 85' lang='grc'><strong>126.</strong></span> <span class='ocrx_word' id='word_1_160' title='bbox 360 2700 538 2765; x_wconf 77' lang='lat' dir='ltr'><strong>Electioitcs</strong></span> <span class='ocrx_word' id='word_1_161' title='bbox 553 2702 700 2765; x_wconf 81' lang='lat' dir='ltr'><strong>torsionis.</strong></span> <span class='ocrx_word' id='word_1_162' title='bbox 744 2702 801 2765; x_wconf 85' lang='lat' dir='ltr'><strong>llst</strong></span> <span class='ocrx_word' id='word_1_163' title='bbox 817 2701 862 2766; x_wconf 87' lang='lat' dir='ltr'><strong>vis</strong></span> <span class='ocrx_word' id='word_1_164' title='bbox 877 2703 1029 2787; x_wconf 88' lang='lat' dir='ltr'><strong>repulsiva</strong></span> <span class='ocrx_word' id='word_1_165' title='bbox 1043 2703 1124 2768; x_wconf 90' lang='lat' dir='ltr'><strong>inter</strong></span> <span class='ocrx_word' id='word_1_166' title='bbox 1137 2704 1319 2769; x_wconf 88' lang='lat' dir='ltr'><strong>moleculam</strong></span> 
     </span>
     <span class='ocr_line' id='line_1_22' title="bbox 217 2812 1321 2891; baseline 0.005 -16"><span class='ocrx_word' id='word_1_167' title='bbox 217 2820 248 2876; x_wconf 87' lang='lat' dir='ltr'><strong>et</strong></span> <span class='ocrx_word' id='word_1_168' title='bbox 266 2812 457 2891; x_wconf 89' lang='lat' dir='ltr'><strong>moleculam,</strong></span> <span class='ocrx_word' id='word_1_169' title='bbox 472 2815 620 2877; x_wconf 79' lang='lat' dir='ltr'><strong>rotatione</strong></span> <span class='ocrx_word' id='word_1_170' title='bbox 637 2816 725 2877; x_wconf 81' lang='lat' dir='ltr'><strong>unius</strong></span> <span class='ocrx_word' id='word_1_171' title='bbox 744 2815 889 2879; x_wconf 77' lang='lat' dir='ltr'><strong>moleculae</strong></span> <span class='ocrx_word' id='word_1_172' title='bbox 908 2818 987 2879; x_wconf 79' lang='lat' dir='ltr'><strong>circu</strong></span> <span class='ocrx_word' id='word_1_173' title='bbox 1006 2839 1091 2881; x_wconf 71' lang='lat' dir='ltr'><strong>crem</strong></span> <span class='ocrx_word' id='word_1_174' title='bbox 1104 2818 1162 2881; x_wconf 82' lang='lat' dir='ltr'><strong>eibi</strong></span> <span class='ocrx_word' id='word_1_175' title='bbox 1182 2826 1213 2882; x_wconf 87' lang='lat' dir='ltr'><strong>et</strong></span> <span class='ocrx_word' id='word_1_176' title='bbox 1233 2818 1321 2882; x_wconf 81' lang='lat' dir='ltr'><strong>alteri</strong></span> 
     </span>
     <span class='ocr_line' id='line_1_23' title="bbox 218 2923 1319 3007; baseline 0.005 -19"><span class='ocrx_word' id='word_1_177' title='bbox 218 2946 393 2988; x_wconf 67' lang='lat' dir='ltr'><strong>maronem</strong></span> <span class='ocrx_word' id='word_1_178' title='bbox 412 2933 581 3007; x_wconf 82' lang='lat' dir='ltr'><strong>prouocato,</strong></span> <span class='ocrx_word' id='word_1_179' title='bbox 600 2935 632 2988; x_wconf 91' lang='lat' dir='ltr'><strong>et</strong></span> <span class='ocrx_word' id='word_1_180' title='bbox 654 2923 849 2999; x_wconf 82' lang='lat' dir='ltr'><strong>tendensad</strong></span> <span class='ocrx_word' id='word_1_181' title='bbox 871 2927 1054 2991; x_wconf 90' lang='lat' dir='ltr'><strong>rotationem</strong></span> <span class='ocrx_word' id='word_1_182' title='bbox 1075 2927 1109 2991; x_wconf 90' lang='lat' dir='ltr'><strong>in</strong></span> <span class='ocrx_word' id='word_1_183' title='bbox 1132 2930 1319 2994; x_wconf 89' lang='lat' dir='ltr'><strong>contrarium</strong></span> 
     </span>
     <span class='ocr_line' id='line_1_24' title="bbox 219 3035 1321 3126; baseline 0.006 -28"><span class='ocrx_word' id='word_1_184' title='bbox 219 3057 352 3099; x_wconf 87' lang='lat' dir='ltr'><strong>sensum.</strong></span> <span class='ocrx_word' id='word_1_185' title='bbox 400 3035 460 3115; x_wconf 86' lang='lat' dir='ltr'><strong>Sic,</strong></span> <span class='ocrx_word' id='word_1_186' title='bbox 476 3036 501 3099; x_wconf 88' lang='lat' dir='ltr'><strong>si</strong></span> <span class='ocrx_word' id='word_1_187' title='bbox 516 3046 659 3101; x_wconf 90' lang='lat' dir='ltr'><strong>manente</strong></span> <span class='ocrx_word' id='word_1_188' title='bbox 674 3036 825 3102; x_wconf 90' lang='lat' dir='ltr'><strong>molecula</strong></span> <span class='ocrx_word' id='word_1_189' title='bbox 840 3039 937 3103; x_wconf 85' lang='lat' dir='ltr'><strong>RAr</strong></span> <span class='ocrx_word' id='word_1_190' title='bbox 954 3039 1019 3124; x_wconf 66' lang='lat' dir='ltr'><strong>(lig&#39;.</strong></span> <span class='ocrx_word' id='word_1_191' title='bbox 1036 3043 1089 3126; x_wconf 82' lang='lat'><strong>17)</strong></span> <span class='ocrx_word' id='word_1_192' title='bbox 1113 3040 1147 3105; x_wconf 91' lang='lat' dir='ltr'><strong>in</strong></span> <span class='ocrx_word' id='word_1_193' title='bbox 1169 3064 1225 3106; x_wconf 91' lang='lat' dir='ltr'><strong>sua</strong></span> <span class='ocrx_word' id='word_1_194' title='bbox 1239 3042 1321 3126; x_wconf 89' lang='lat' dir='ltr'><strong>posi-</strong></span> 
     </span>
     <span class='ocr_line' id='line_1_25' title="bbox 218 3142 1321 3233; baseline 0.008 -24"><span class='ocrx_word' id='word_1_195' title='bbox 218 3146 312 3225; x_wconf 89' lang='lat' dir='ltr'><strong>tione,</strong></span> <span class='ocrx_word' id='word_1_196' title='bbox 331 3145 425 3209; x_wconf 88' lang='lat' dir='ltr'><strong>altera</strong></span> <span class='ocrx_word' id='word_1_197' title='bbox 450 3142 571 3209; x_wconf 70' lang='lat' dir='ltr'><strong>R¹A¹r¹</strong></span> <span class='ocrx_word' id='word_1_198' title='bbox 596 3158 724 3231; x_wconf 84' lang='lat' dir='ltr'><strong>cogatur</strong></span> <span class='ocrx_word' id='word_1_199' title='bbox 750 3171 859 3233; x_wconf 84' lang='lat' dir='ltr'><strong>gyrare</strong></span> <span class='ocrx_word' id='word_1_200' title='bbox 874 3150 960 3225; x_wconf 65' lang='lat' dir='ltr'><strong>⁴cirea</strong></span> <span class='ocrx_word' id='word_1_201' title='bbox 980 3147 1061 3213; x_wconf 79' lang='lat' dir='ltr'><strong>AA&#39;</strong></span> <span class='ocrx_word' id='word_1_202' title='bbox 1082 3161 1119 3216; x_wconf 90' lang='lat' dir='ltr'><strong>ut</strong></span> <span class='ocrx_word' id='word_1_203' title='bbox 1140 3176 1237 3231; x_wconf 84' lang='lat' dir='ltr'><strong>axem,</strong></span> <span class='ocrx_word' id='word_1_204' title='bbox 1259 3154 1321 3218; x_wconf 89' lang='lat' dir='ltr'><strong>ele-</strong></span> 
     </span>
     <span class='ocr_line' id='line_1_26' title="bbox 218 3256 1321 3347; baseline 0.009 -27"><span class='ocrx_word' id='word_1_205' title='bbox 218 3265 322 3321; x_wconf 89' lang='lat' dir='ltr'><strong>menta</strong></span> <span class='ocrx_word' id='word_1_206' title='bbox 348 3256 499 3341; x_wconf 88' lang='lat' dir='ltr'><strong>repulsiva</strong></span> <span class='ocrx_word' id='word_1_207' title='bbox 520 3257 544 3321; x_wconf 71' lang='lat' dir='ltr'><strong>,v</strong></span> <span class='ocrx_word' id='word_1_208' title='bbox 566 3260 641 3323; x_wconf 80' lang='lat' dir='ltr'><strong>fient</strong></span> <span class='ocrx_word' id='word_1_209' title='bbox 661 3260 802 3345; x_wconf 91' lang='lat' dir='ltr'><strong>propiora</strong></span> <span class='ocrx_word' id='word_1_210' title='bbox 824 3284 917 3347; x_wconf 93' lang='lat' dir='ltr'><strong>quam</strong></span> <span class='ocrx_word' id='word_1_211' title='bbox 932 3286 988 3347; x_wconf 91' lang='lat' dir='ltr'><strong>par</strong></span> <span class='ocrx_word' id='word_1_212' title='bbox 1009 3272 1055 3327; x_wconf 89' lang='lat' dir='ltr'><strong>est</strong></span> <span class='ocrx_word' id='word_1_213' title='bbox 1081 3263 1147 3328; x_wconf 89' lang='lat' dir='ltr'><strong>aliis</strong></span> <span class='ocrx_word' id='word_1_214' title='bbox 1170 3265 1321 3330; x_wconf 81' lang='lat' dir='ltr'><strong>similibus</strong></span> 
     </span>
     <span class='ocr_line' id='line_1_27' title="bbox 218 3368 1322 3455; baseline 0.009 -23"><span class='ocrx_word' id='word_1_215' title='bbox 218 3391 290 3455; x_wconf 90' lang='lat' dir='ltr'><strong>quae</strong></span> <span class='ocrx_word' id='word_1_216' title='bbox 316 3377 390 3432; x_wconf 87' lang='lat' dir='ltr'><strong>sunt</strong></span> <span class='ocrx_word' id='word_1_217' title='bbox 415 3368 449 3431; x_wconf 92' lang='lat' dir='ltr'><strong>in</strong></span> <span class='ocrx_word' id='word_1_218' title='bbox 478 3369 635 3435; x_wconf 91' lang='lat' dir='ltr'><strong>moleculis</strong></span> <span class='ocrx_word' id='word_1_219' title='bbox 659 3372 946 3439; x_wconf 84' lang='lat' dir='ltr'><strong>circumstantibus:</strong></span> <span class='ocrx_word' id='word_1_220' title='bbox 976 3374 1050 3440; x_wconf 90' lang='lat' dir='ltr'><strong>hinc</strong></span> <span class='ocrx_word' id='word_1_221' title='bbox 1078 3376 1236 3441; x_wconf 88' lang='lat' dir='ltr'><strong>moleculae</strong></span> <span class='ocrx_word' id='word_1_222' title='bbox 1263 3378 1322 3441; x_wconf 78' lang='lat' dir='ltr'><strong>cir-</strong></span> 
     </span>
     <span class='ocr_line' id='line_1_28' title="bbox 219 3480 1322 3572; baseline 0.009 -27"><span class='ocrx_word' id='word_1_223' title='bbox 219 3487 407 3545; x_wconf 90' lang='lat' dir='ltr'><strong>cumstantes</strong></span> <span class='ocrx_word' id='word_1_224' title='bbox 428 3480 622 3545; x_wconf 89' lang='lat' dir='ltr'><strong>conabuntur</strong></span> <span class='ocrx_word' id='word_1_225' title='bbox 635 3503 690 3566; x_wconf 89' lang='lat' dir='ltr'><strong>per</strong></span> <span class='ocrx_word' id='word_1_226' title='bbox 708 3484 779 3546; x_wconf 88' lang='lat' dir='ltr'><strong>suas</strong></span> <span class='ocrx_word' id='word_1_227' title='bbox 801 3483 991 3569; x_wconf 86' lang='lat' dir='ltr'><strong>repulsiones</strong></span> <span class='ocrx_word' id='word_1_228' title='bbox 1006 3486 1150 3572; x_wconf 83' lang='lat' dir='ltr'><strong>elongare</strong></span> <span class='ocrx_word' id='word_1_229' title='bbox 1172 3488 1322 3554; x_wconf 88' lang='lat' dir='ltr'><strong>elementa</strong></span> 
     </span>
     <span class='ocr_line' id='line_1_29' title="bbox 220 3588 742 3678; baseline 0.004 -21"><span class='ocrx_word' id='word_1_230' title='bbox 220 3588 244 3657; x_wconf 77' lang='lat' dir='ltr'><strong>,r</strong></span> <span class='ocrx_word' id='word_1_231' title='bbox 259 3615 356 3678; x_wconf 85' lang='lat' dir='ltr'><strong>usque</strong></span> <span class='ocrx_word' id='word_1_232' title='bbox 372 3593 411 3656; x_wconf 91' lang='lat' dir='ltr'><strong>ad</strong></span> <span class='ocrx_word' id='word_1_233' title='bbox 426 3592 528 3658; x_wconf 91' lang='lat' dir='ltr'><strong>locum</strong></span> <span class='ocrx_word' id='word_1_234' title='bbox 542 3594 742 3678; x_wconf 89' lang='lat' dir='ltr'><strong>primitivum.</strong></span> 
     </span>
    </p>

    <p class='ocr_par' dir='ltr' id='par_1_6' title="bbox 155 3703 1323 4123">
     <span class='ocr_line' id='line_1_30' title="bbox 261 3703 1322 3794; baseline 0.009 -27"><span class='ocrx_word' id='word_1_235' title='bbox 261 3703 435 3769; x_wconf 85' lang='lat' dir='ltr'><strong>Illasticitas</strong></span> <span class='ocrx_word' id='word_1_236' title='bbox 460 3704 604 3769; x_wconf 87' lang='lat' dir='ltr'><strong>torsionis</strong></span> <span class='ocrx_word' id='word_1_237' title='bbox 629 3715 716 3770; x_wconf 89' lang='lat' dir='ltr'><strong>tanto</strong></span> <span class='ocrx_word' id='word_1_238' title='bbox 744 3706 840 3771; x_wconf 89' lang='lat' dir='ltr'><strong>maior</strong></span> <span class='ocrx_word' id='word_1_239' title='bbox 864 3717 921 3788; x_wconf 90' lang='lat' dir='ltr'><strong>est,</strong></span> <span class='ocrx_word' id='word_1_240' title='bbox 944 3720 1060 3794; x_wconf 88' lang='lat' dir='ltr'><strong>quanto</strong></span> <span class='ocrx_word' id='word_1_241' title='bbox 1084 3711 1184 3776; x_wconf 88' lang='lat' dir='ltr'><strong>minor</strong></span> <span class='ocrx_word' id='word_1_242' title='bbox 1206 3722 1253 3775; x_wconf 89' lang='lat' dir='ltr'><strong>est</strong></span> <span class='ocrx_word' id='word_1_243' title='bbox 1276 3713 1322 3777; x_wconf 91' lang='lat' dir='ltr'><strong>di·</strong></span> 
     </span>
     <span class='ocr_line' id='line_1_31' title="bbox 155 3798 1323 3905; baseline 0.01 -27"><span class='ocrx_word' id='word_1_244' title='bbox 155 3798 157 3803; x_wconf 22' lang='lat'><em>*</em></span> <span class='ocrx_word' id='word_1_245' title='bbox 220 3816 333 3879; x_wconf 91' lang='lat' dir='ltr'><strong>stantia</strong></span> <span class='ocrx_word' id='word_1_246' title='bbox 353 3815 570 3881; x_wconf 88' lang='lat' dir='ltr'><strong>molecularum</strong></span> <span class='ocrx_word' id='word_1_247' title='bbox 592 3818 793 3904; x_wconf 89' lang='lat' dir='ltr'><strong>comparative</strong></span> <span class='ocrx_word' id='word_1_248' title='bbox 816 3819 857 3883; x_wconf 91' lang='lat' dir='ltr'><strong>ad</strong></span> <span class='ocrx_word' id='word_1_249' title='bbox 880 3820 1063 3886; x_wconf 90' lang='lat' dir='ltr'><strong>diametrum</strong></span> <span class='ocrx_word' id='word_1_250' title='bbox 1083 3824 1301 3890; x_wconf 87' lang='lat' dir='ltr'><strong>molecularum</strong></span> <span class='ocrx_word' id='word_1_251' title='bbox 1311 3852 1323 3905; x_wconf 68' lang='grc' dir='ltr'><strong><em>ς</em></strong></span> 
     </span>
     <span class='ocr_line' id='line_1_32' title="bbox 220 3929 1322 4017; baseline 0.011 -26"><span class='ocrx_word' id='word_1_252' title='bbox 220 3951 292 3991; x_wconf 88' lang='lat' dir='ltr'><strong>nam</strong></span> <span class='ocrx_word' id='word_1_253' title='bbox 312 3937 397 4006; x_wconf 88' lang='lat' dir='ltr'><strong>tuuc,</strong></span> <span class='ocrx_word' id='word_1_254' title='bbox 424 3930 540 3993; x_wconf 86' lang='lat' dir='ltr'><strong>caeteris</strong></span> <span class='ocrx_word' id='word_1_255' title='bbox 563 3929 697 4014; x_wconf 88' lang='lat' dir='ltr'><strong>paribus,</strong></span> <span class='ocrx_word' id='word_1_256' title='bbox 722 3931 801 3996; x_wconf 86' lang='lat' dir='ltr'><strong>actio</strong></span> <span class='ocrx_word' id='word_1_257' title='bbox 828 3932 982 4017; x_wconf 88' lang='lat' dir='ltr'><strong>repulsiva</strong></span> <span class='ocrx_word' id='word_1_258' title='bbox 1004 3934 1222 4001; x_wconf 89' lang='lat' dir='ltr'><strong>molecularum</strong></span> <span class='ocrx_word' id='word_1_259' title='bbox 1249 3938 1322 4003; x_wconf 87' lang='lat' dir='ltr'><strong>viei-</strong></span> 
     </span>
     <span class='ocr_line' id='line_1_33' title="bbox 219 4040 554 4123; baseline -0.003 -19"><span class='ocrx_word' id='word_1_260' title='bbox 219 4062 329 4123; x_wconf 86' lang='lat' dir='ltr'><strong>narum</strong></span> <span class='ocrx_word' id='word_1_261' title='bbox 344 4040 380 4102; x_wconf 87' lang='lat' dir='ltr'><strong>fit</strong></span> <span class='ocrx_word' id='word_1_262' title='bbox 394 4040 554 4105; x_wconf 90' lang='lat' dir='ltr'><strong>intensior.</strong></span> 
     </span>
    </p>

    <p class='ocr_par' dir='ltr' id='par_1_7' title="bbox 220 4150 1323 4469">
     <span class='ocr_line' id='line_1_34' title="bbox 265 4150 1323 4237; baseline 0.009 -20"><span class='ocrx_word' id='word_1_263' title='bbox 265 4154 340 4217; x_wconf 79' lang='lat'><strong>127.</strong></span> <span class='ocrx_word' id='word_1_264' title='bbox 361 4150 543 4231; x_wconf 77' lang='lat' dir='ltr'><strong>Eleaticitas,</strong></span> <span class='ocrx_word' id='word_1_265' title='bbox 569 4152 607 4217; x_wconf 91' lang='lat' dir='ltr'><strong>de</strong></span> <span class='ocrx_word' id='word_1_266' title='bbox 627 4175 687 4236; x_wconf 90' lang='lat' dir='ltr'><strong>qua</strong></span> <span class='ocrx_word' id='word_1_267' title='bbox 704 4153 800 4217; x_wconf 89' lang='lat' dir='ltr'><strong>locuti</strong></span> <span class='ocrx_word' id='word_1_268' title='bbox 821 4177 939 4237; x_wconf 87' lang='lat' dir='ltr'><strong>sumus,</strong></span> <span class='ocrx_word' id='word_1_269' title='bbox 961 4165 1009 4222; x_wconf 88' lang='lat' dir='ltr'><strong>est</strong></span> <span class='ocrx_word' id='word_1_270' title='bbox 1028 4158 1153 4225; x_wconf 88' lang='lat' dir='ltr'><strong>relativa</strong></span> <span class='ocrx_word' id='word_1_271' title='bbox 1173 4170 1205 4225; x_wconf 91' lang='lat' dir='ltr'><strong>et</strong></span> <span class='ocrx_word' id='word_1_272' title='bbox 1227 4163 1323 4227; x_wconf 88' lang='lat' dir='ltr'><strong>seusi-</strong></span> 
     </span>
     <span class='ocr_line' id='line_1_35' title="bbox 220 4261 1322 4353; baseline 0.011 -27"><span class='ocrx_word' id='word_1_273' title='bbox 220 4261 309 4326; x_wconf 89' lang='lat' dir='ltr'><strong>bilis:</strong></span> <span class='ocrx_word' id='word_1_274' title='bbox 333 4272 478 4327; x_wconf 89' lang='lat' dir='ltr'><strong>caeterum</strong></span> <span class='ocrx_word' id='word_1_275' title='bbox 492 4264 597 4328; x_wconf 89' lang='lat' dir='ltr'><strong>omnia</strong></span> <span class='ocrx_word' id='word_1_276' title='bbox 619 4286 744 4348; x_wconf 88' lang='lat' dir='ltr'><strong>corpora</strong></span> <span class='ocrx_word' id='word_1_277' title='bbox 757 4264 873 4329; x_wconf 88' lang='lat' dir='ltr'><strong>habent</strong></span> <span class='ocrx_word' id='word_1_278' title='bbox 895 4267 1029 4353; x_wconf 89' lang='lat' dir='ltr'><strong>aliquam</strong></span> <span class='ocrx_word' id='word_1_279' title='bbox 1044 4269 1252 4337; x_wconf 88' lang='lat' dir='ltr'><strong>elasticitatem</strong></span> <span class='ocrx_word' id='word_1_280' title='bbox 1268 4273 1322 4337; x_wconf 91' lang='lat' dir='ltr'><strong>ab·</strong></span> 
     </span>
     <span class='ocr_line' id='line_1_36' title="bbox 221 4373 1321 4469; baseline 0.011 -32"><span class='ocrx_word' id='word_1_281' title='bbox 221 4373 362 4439; x_wconf 87' lang='lat' dir='ltr'><strong>solutam.</strong></span> <span class='ocrx_word' id='word_1_282' title='bbox 407 4373 581 4440; x_wconf 78' lang='lat' dir='ltr'><strong>Eleaticitas</strong></span> <span class='ocrx_word' id='word_1_283' title='bbox 607 4374 746 4439; x_wconf 89' lang='lat' dir='ltr'><strong>absoluta</strong></span> <span class='ocrx_word' id='word_1_284' title='bbox 769 4376 801 4439; x_wconf 91' lang='lat' dir='ltr'><strong>in</strong></span> <span class='ocrx_word' id='word_1_285' title='bbox 826 4376 884 4440; x_wconf 91' lang='lat' dir='ltr'><strong>hoc</strong></span> <span class='ocrx_word' id='word_1_286' title='bbox 910 4401 929 4441; x_wconf 90' lang='lat' dir='ltr'><strong>a</strong></span> <span class='ocrx_word' id='word_1_287' title='bbox 952 4378 1076 4444; x_wconf 88' lang='lat' dir='ltr'><strong>relativa</strong></span> <span class='ocrx_word' id='word_1_288' title='bbox 1103 4381 1214 4461; x_wconf 85' lang='lat' dir='ltr'><strong>differt,</strong></span> <span class='ocrx_word' id='word_1_289' title='bbox 1238 4385 1321 4469; x_wconf 93' lang='lat' dir='ltr'><strong>quod</strong></span> 
     </span>
    </p>
   </div>
   <div class='ocr_carea' id='block_1_4' title="bbox 0 0 1615 4984">
    <p class='ocr_par' dir='ltr' id='par_1_8' title="bbox 0 0 1615 4984">
     <span class='ocr_line' id='line_1_37' title="bbox 0 0 1615 4984; baseline 0 0"><span class='ocrx_word' id='word_1_290' title='bbox 0 0 1615 4984; x_wconf 95' lang='lat' dir='ltr'><strong> </strong></span> 
     </span>
    </p>
   </div>
  </div>
 </body>
</html>
