3200 4984
290 406 356 469 234
589 428 631 473 nu
647 428 852 474 spasmum
869 430 1052 476 consonus.
1228 412 1320 498 [aaa.
1336 436 1390 479 111.

289 591 384 655 aethcr
405 613 469 657 non
485 592 525 657 sit
543 593 722 678 expansivus
738 594 818 660 sicut
839 600 902 675 adr,
918 595 1028 661 deduci
1041 604 1143 681 potest
1164 618 1279 663 novum
1300 620 1390 684 argu·

289 713 429 768 mentum
452 704 706 789 adprobandum
726 707 792 771 eius
814 707 1025 772 elasticitatcm
1050 729 1114 772 non
1138 708 1212 773 oriri
1233 732 1253 773 a
1275 710 1390 774 viribus

289 815 467 899 repulsivis:
490 839 562 880 nam
576 817 656 883 vires
671 819 829 904 repulsivas
843 819 988 885 facientes
1002 820 1166 885 maximam
1180 821 1389 887 elasticitatem

289 926 323 992 in
344 927 440 993 fluido
462 928 581 993 faciunt
606 930 698 996 etiam
722 931 886 996 maximam
907 933 1158 1018 expansivitatem
1183 942 1324 999 motuum
1345 936 1389 998 vi·

288 1039 491 1105 bratoriorum
506 1041 642 1106 eiusdem
657 1042 755 1137 fluidi.

235 1160 238 1169 '
333 1154 407 1217 138.
429 1153 562 1239 Physici,
578 1154 786 1220 observatione
801 1164 833 1221 et
848 1156 1034 1222 discussione
1054 1158 1325 1242 phaenomenorum
1339 1178 1388 1221 co·

288 1264 358 1344 acti,
382 1266 565 1331 invenerunt
587 1267 749 1352 quamdam
773 1268 933 1348 theoriam,
956 1292 1048 1355 quam
1073 1278 1256 1335 vocaverant
1281 1271 1317 1333 de
1341 1292 1387 1334 co·

287 1378 443 1445 existentia
451 1400 613 1462 paramum
628 1389 776 1444 motuum:
799 1381 881 1445 hanc
902 1388 1004 1445 autem
1029 1382 1256 1447 coexistentiam
1278 1404 1385 1466 agnos·

287 1498 362 1553 cunt
398 1489 432 1554 in
469 1490 574 1555 eodem
605 1490 751 1571 subiecto,
781 1492 836 1556 sed
866 1501 1026 1579 noqueunt
1053 1492 1140 1558 illam
1168 1493 1388 1558 rationabiliter

286 1602 441 1686 explicare.
487 1604 536 1667 De
550 1624 585 1668 ea
607 1604 723 1690 aliquid
737 1603 787 1669 hic
801 1604 977 1669 innuamus.

331 1712 399 1777 Hoc
414 1713 615 1799 principium:
638 1716 677 1779 In
691 1716 788 1780 eodem
800 1718 930 1781 saducto
944 1719 1108 1782 coexistunt
1122 1718 1280 1801 aliquando
1294 1727 1388 1781 nactas

284 1826 401 1904 divam,
416 1825 441 1889 si
464 1826 679 1911 applicandum
703 1827 743 1891 sit
766 1827 902 1892 subiecto
922 1828 1063 1912 simplici,
1079 1837 1127 1892 est
1140 1828 1266 1892 omniuo
1281 1828 1386 1893 absur-

285 1936 370 2016 dum,
394 1939 481 2003 etin
508 1938 595 2004 nulla
618 1939 736 2006 theoria
765 1940 887 2004 admitti
909 1949 1022 2024 potest.
1067 1940 1150 2005 Nam
1172 1939 1254 2005 idem
1279 1939 1387 2025 nequit

284 2050 399 2125 moveri
414 2050 583 2115 secundum
604 2050 686 2115 idem
699 2050 731 2114 in
748 2050 826 2115 duas
841 2060 894 2115 aut
909 2051 1012 2136 plures
1032 2051 1223 2131 directiones,
1238 2051 1282 2116 ire
1297 2052 1388 2116 simul

198 2171 204 2183 ‘
283 2171 314 2223 et
337 2161 445 2240 redire,
461 2185 489 2224 v.
503 2184 560 2245 gn,
576 2161 637 2225 nisi
659 2162 826 2226 constituat
849 2185 881 2227 se
902 2163 936 2226 in
959 2162 1081 2226 duobus
1100 2163 1176 2228 locis
1194 2162 1386 2229 simultanee.

283 2272 380 2358 Atqui
402 2272 539 2358 simplex,
556 2272 582 2337 si
603 2281 775 2337 moveretur
796 2272 919 2337 duobus
932 2273 1078 2351 motibus,
1093 2282 1266 2338 moveretur
1279 2296 1386 2338 secun-

283 2383 357 2448 dum
374 2383 454 2447 idem
464 2410 474 2463 ς
498 2383 647 2469 siquidem
663 2384 696 2448 in
711 2382 842 2469 simplici
863 2407 927 2449 non
942 2392 990 2449 est
1012 2407 1110 2449 unum
1131 2394 1163 2449 et
1185 2384 1291 2465 sliad3
1313 2408 1386 2469 ergo

285 2496 412 2581 simplex
433 2497 541 2582 nequit
563 2496 655 2561 simul
675 2496 787 2561 habere
810 2497 887 2561 duos
908 2505 1012 2561 motus
1034 2497 1177 2562 diversos
1223 2498 1292 2561 Hoc
1314 2519 1386 2581 ergo

285 2610 481 2694 physicorum
505 2610 691 2695 principium
721 2610 831 2693 nequit
853 2608 965 2673 habere
986 2609 1099 2688 locum,
1122 2608 1183 2673 nisi
1211 2617 1321 2692 agatur
1349 2608 1387 2673 de

284 2722 421 2791 subiecto
443 2722 621 2805 composito,
637 2730 668 2785 et
690 2720 816 2805 quidem
831 2722 914 2784 cuius
928 2722 1098 2804 compositio
1119 2722 1226 2785 Ιὶὂεναι
1238 2722 1386 2805 relinquat

277 2842 382 2915 partes
404 2834 445 2897 cd
463 2834 591 2897 diversos
612 2842 718 2911 motus,
733 2854 787 2896 seu
802 2831 842 2895 ad
855 2831 1042 2896 alterandum
1061 2832 1193 2916 figuram
1215 2832 1384 2918 compositi.

283 2942 347 3007 Ubi
369 2945 542 3008 notandum
557 2943 664 3023 obiter,
680 2944 800 3027 eosqui
822 2943 1016 3007 constituunt
1029 2943 1194 3010 moleculas
1213 2945 1384 3023 continuas,

231 3132 234 3137 Ι
282 3054 405 3135 solidas,
419 3055 622 3135 invariabiles,
638 3055 724 3119 nullo
746 3054 837 3119 modo
850 3076 940 3139 posse
961 3055 1123 3119 admittere
1136 3055 1217 3119 hanc
1234 3056 1383 3120 theoriam

283 3166 320 3231 dc
342 3166 478 3231 motibus
500 3165 749 3245 coexistentibus‚
765 3188 861 3249 quum
884 3165 917 3228 in
938 3186 1045 3229 eorum
1063 3174 1227 3251 systemate
1248 3174 1383 3250 apertam

279 3278 413 3344 involvat
422 3278 700 3342 contradictionem.
747 3275 851 3352 Quum
864 3284 967 3339 autem
977 3276 1385 3361 haectheoriahabeatmag·

280 3412 355 3454 num
381 3389 618 3455 fundamentum
647 3398 678 3452 et
708 3388 842 3453 solidum
871 3388 904 3451 in
929 3388 1150 3473 phaenomena,
1173 3409 1210 3454 ex
1235 3387 1294 3452 hoc
1316 3387 1384 3473 ipsc

282 3502 428 3588 sequitur,
444 3502 521 3567 falsa
542 3500 707 3566 iudicanda
728 3523 793 3564 csse
808 3508 974 3585 systemata
995 3499 1101 3564 iliade
1123 3499 1280 3564 moleculis
1299 3500 1383 3564 inva-

280 3615 438 3680 riabilibus
447 3641 457 3693 3
481 3638 517 3680 ex
532 3637 593 3700 quo
607 3612 737 3677 ulterius
760 3612 892 3675 infertur
912 3610 1078 3675 moleculas
1098 3633 1260 3698 corporum
1276 3612 1384 3676 debere

281 3727 407 3791 omnino
426 3749 492 3791 esse
506 3726 663 3791 variabiles
685 3734 873 3811 permotum
888 3723 1023 3808 partium
1038 3724 1290 3787 constituentium
1306 3722 1381 3803 illas,

280 3862 316 3901 eo
330 3838 422 3903 modo
444 3860 505 3922 quo
521 3860 613 3921 supra
635 3859 764 3901 noscas
787 3834 981 3899 deduximus.
1026 3834 1118 3900 Unde
1140 3834 1257 3898 theoria
1276 3834 1315 3898 de
1333 3856 1383 3897 co·

280 3950 440 4013 existentia
464 3970 627 4033 parvorum
652 3955 793 4011 motuum
821 3947 981 4009 confirmat
1006 3955 1104 4010 totam
1129 3946 1279 4010 theoriam
1305 3944 1382 4030 phy-

281 4062 373 4124 sicam
389 4060 529 4144 superius
543 4060 720 4145 expositam.

325 4176 398 4235 139.
423 4172 468 4235 Ut
478 4180 578 4235 antem
590 4180 732 4256 appareat
741 4169 979 4234 fundamentum
991 4169 1148 4234 asserendi
1155 4169 1382 4233 coexistentiam

279 4304 442 4364 parvorum
458 4292 608 4360 motuum,
627 4281 804 4345 notabimus
823 4281 873 4344 hic
892 4280 994 4365 aliqua
1015 4304 1051 4344 ex
1073 4281 1292 4365 phaenomenis,
1315 4303 1383 4365 quae

280 4392 404 4453 theoriae
430 4393 531 4455 locum
556 4393 714 4456 dederunt.
769 4392 951 4475 Exemplum
976 4394 1108 4476 primum
1137 4395 1176 4458 sit
1202 4404 1382 4480 tympanum
