3200 4984
209 391 282 433 car.
299 372 339 455 1.]
540 394 584 437 oa
600 394 801 439 suasrnnrra
816 395 1002 439 consonus.
1273 379 1315 439 85

207 556 290 641 Ergo
313 557 401 621 nulla
423 557 488 623 crui
512 568 614 645 potest
637 583 673 624 ex
697 560 907 645 phaenomenis
932 560 1011 626 ratio
1035 560 1168 645 probans
1196 562 1313 626 mathe-

207 669 348 732 maticam
363 670 498 734 materiae
512 672 758 736 continuitatem.

251 779 312 845 Hic
337 780 468 846 obiicere
493 782 593 847 solent
618 783 819 869 peripatetici,
835 782 918 868 quod
938 782 1139 869 phaenomena
1157 784 1237 847 fiunt
1257 806 1313 868 per

205 901 326 956 motum
348 894 609 959 communicatum
630 916 649 958 a
669 903 757 979 parte
772 894 812 958 ad
830 902 960 978 partem,
975 906 1007 958 et
1021 917 1039 957 a
1053 915 1177 978 corpore
1192 894 1231 958 ad
1246 916 1313 957 cor-

206 1026 284 1087 pus:
306 1013 339 1068 et
353 1005 426 1090 quia
447 1027 511 1069 non
532 1005 623 1070 datur
641 1006 721 1070 actio
738 1007 771 1069 in
791 1005 920 1086 distans,
936 1014 972 1069 ut
992 1006 1052 1091 ipai
1071 1014 1222 1085 asserunt,
1238 1028 1311 1069 con-

206 1115 337 1180 cludunt
358 1139 422 1181 non
444 1138 533 1202 posse
554 1116 620 1180 dari
643 1116 900 1201 interruptionem
923 1116 1062 1181 continui
1076 1117 1157 1180 inter
1171 1139 1264 1201 agens
1279 1126 1311 1181 01

206 1227 338 1311 patiens.
381 1228 465 1293 Huic
482 1236 666 1313 argumento
685 1228 938 1313 respondebimus
959 1226 1038 1291 infra
1053 1250 1084 1291 n.
1099 1230 1153 1293 36.
1168 1236 1200 1291 01
1215 1250 1310 1313 seqq,

205 1340 410 1426 retorquendo
425 1341 503 1405 illud
517 1341 550 1407 in
565 1340 752 1405 adversarios
765 1339 981 1405 efficacissime.

250 1455 280 1517 8.
304 1452 461 1530 Quaeritur
474 1453 566 1517 tertio
580 1452 679 1517 atram
693 1475 731 1516 ee
744 1453 870 1516 cesentio
885 1453 950 1537 11110
964 1451 1134 1515 mhstaatioe
1148 1451 1286 1515 material
1290 1453 1297 1463 '

206 1566 308 1629 deduci
315 1567 414 1649 possit
427 1566 633 1629 motbcrnaticn
648 1566 829 1629 continuitate
842 1564 981 1627 materiae.

250 1676 433 1762 Respondeo
451 1676 603 1761 negative.
659 1676 741 1739 Nam
766 1674 850 1759 quod
871 1697 934 1738 non
958 1673 1091 1757 exigitur
1113 1677 1170 1738 nec
1192 1673 1309 1739 ratione

206 1788 349 1867 materiae,
379 1810 436 1853 nec
464 1789 582 1853 ratione
610 1788 717 1852 formae
746 1786 967 1875 substantialis,
993 1786 1072 1850 illud
1101 1808 1163 1850 non
1194 1795 1240 1850 est
1270 1786 1308 1851 de

204 1902 322 1965 ratione
344 1901 498 1966 essentiali
519 1901 709 1980 snbstantiae,
732 1922 789 1964 nec
811 1900 943 1984 exigitur
960 1922 978 1963 a
998 1899 1170 1964 substantia
1192 1899 1309 1964 ratione

206 2012 264 2078 ani.
313 2014 410 2100 Atqui
424 2014 623 2092 continuitas,
638 2013 686 2078 vel
707 2012 874 2097 quantitas,
892 2034 955 2075 non
974 2011 1106 2096 exigitur
1121 2034 1176 2075 nec
1191 2012 1309 2075 ratione

205 2125 341 2190 materiae
362 2146 420 2189 nec
442 2125 561 2189 ratione
584 2124 690 2189 formae
716 2123 927 2188 substantialis
957 2122 1212 2187 constituentium
1236 2122 1309 2187 sub·

206 2238 351 2302 stantiam
373 2236 570 2301 materialem.
615 2237 699 2321 Ergo
721 2236 878 2321 quantitas
897 2242 928 2298 et
946 2232 1133 2299 continuitas
1150 2254 1213 2297 non
1234 2246 1310 2297 sunt

205 2347 243 2412 de
255 2347 386 2411 essentia
395 2348 541 2413 materiae.
579 2347 681 2411 Maior
691 2355 738 2411 est
749 2347 873 2411 evidens
885 2372 895 2425 3
918 2368 1015 2431 quum
1028 2344 1202 2409 substantia
1213 2354 1307 2408 mate-

204 2458 287 2523 rialis
302 2481 365 2523 non
381 2459 421 2523 sit
436 2458 495 2524 nisi
510 2459 637 2523 materia
647 2466 769 2523 actuata
783 2479 838 2542 per
852 2457 992 2521 formam.
1037 2454 1190 2520 Probatur
1204 2464 1307 2519 autem

204 2570 316 2634 minor.
361 2589 363 2592 ·

246 2682 288 2745 Et
314 2682 412 2767 primo
436 2682 593 2768 quantitas
622 2704 686 2746 non
714 2681 847 2767 exigitur
875 2680 993 2745 ratione
1018 2678 1161 2759 materiae,
1188 2679 1249 2743 aive
1272 2688 1308 2747 ut

204 2791 374 2870 namabilis,
389 2794 452 2858 sive
467 2802 503 2857 nt
518 2801 658 2857 actuatae.
704 2794 785 2857 Nam
801 2792 927 2856 materia
942 2790 1112 2870 aetaabilia,
1129 2813 1184 2855 seu
1198 2792 1306 2877 prima,

204 2904 279 2969 dicit
300 2927 411 2989 puram
435 2904 692 2989 potentialitatem
710 2905 749 2969 ad
770 2904 981 2990 recipiendum
1005 2926 1070 2968 esse
1092 2903 1229 2990 primum
1253 2927 1308 2990 per

204 3041 291 3081 snam
306 3019 454 3083 formam:
470 3018 597 3082 materia
610 3040 691 3097 vero,
703 3026 796 3102 prout
812 3018 873 3081 iam
889 3016 994 3081 subest
1010 3041 1071 3082 suae
1086 3018 1201 3097 formae,
1216 3017 1308 3081 idest

203 3140 239 3193 ut
254 3138 375 3194 actuata
389 3129 423 3192 in
438 3151 494 3193 suo
513 3151 589 3207 esse,
608 3128 655 3193 nil
674 3128 756 3194 aliud
781 3128 856 3193 dicit
877 3129 937 3192 nisi
959 3152 1067 3213 puram
1085 3129 1237 3209 inertiam,
1253 3123 1308 3194 seri

202 3241 440 3306 indifferentiam
464 3241 615 3327 passivam
639 3241 677 3305 ad
701 3240 910 3327 recipiendum
937 3249 1055 3304 motum
1082 3241 1121 3305 ab
1150 3250 1243 3321 extra,
1270 3252 1307 3305 ut

203 3354 405 3418 ostendimus·
422 3352 455 3416 in
481 3360 615 3418 tractatu
644 3352 682 3415 de
708 3352 867 3437 principiis
892 3352 1098 3417 constitutivis
1127 3352 1307 3417 substantiae

204 3465 362 3530 naturalis.
405 3464 504 3549 Atqui
527 3464 605 3529 nibil
635 3464 748 3527 honam
771 3463 866 3547 exigit
890 3463 923 3527 in
949 3464 1076 3528 materia
1102 3465 1304 3549 quantitatem

202 3578 390 3643 continuam.
436 3577 510 3640 Non
533 3576 669 3655 materia,
696 3584 731 3640 ut
758 3576 856 3659 prima
867 3602 876 3655 3
899 3575 981 3661 quia,
1004 3584 1041 3640 ut
1062 3576 1143 3655 talis,
1169 3599 1232 3640 non
1258 3586 1305 3641 est

202 3712 268 3769 ens,
280 3689 334 3753 sed
348 3710 426 3773 pura
439 3688 569 3772 privatio
583 3688 682 3767 entis3
705 3696 736 3751 et
751 3686 820 3750 ideo
835 3686 943 3771 nequit
957 3684 1076 3770 exigere
1091 3688 1305 3772 quantitatem,

202 3810 332 3886 quaeest
347 3800 463 3885 aliquid
477 3799 575 3863 entis:
591 3822 653 3863 non
668 3798 805 3877 materia,
822 3807 856 3862 ut
872 3806 992 3862 actuata
1007 3798 1040 3861 in
1055 3822 1110 3862 suo
1125 3800 1225 3884 primo
1239 3823 1306 3864 csse

201 3912 331 3992 inertiae,
356 3912 428 3997 qnia
454 3910 493 3975 ad
522 3911 673 3989 inertiam,
699 3932 754 3974 seu
782 3908 1017 3973 indifferentiam
1043 3910 1192 3993 passivam
1219 3910 1305 3973 nulla

203 4024 368 4109 requiritur
397 4022 554 4109 quantitas
569 4021 745 4085 dimensiva.
797 4020 901 4097 Quare
930 4020 962 4083 in
992 4029 1142 4105 conceptu
1170 4022 1305 4086 materiae

202 4160 265 4201 non
279 4135 435 4201 invenitur
449 4133 551 4219 aliquo
566 4133 658 4198 modo
673 4133 751 4196 ratio
765 4131 948 4218 quantitatis
962 4131 1124 4196 continuae.

247 4246 387 4320 Secundo
405 4247 561 4333 quantitas
579 4268 642 4310 non
661 4244 793 4328 exigitur
816 4242 933 4306 ratione
954 4242 1060 4306 formae
1082 4240 1300 4305 substantialis.

200 4359 271 4424 Hoc
285 4358 446 4424 adversarii
457 4356 545 4422 facile
557 4356 738 4422 concedunt.
786 4352 847 4419 sed
863 4362 1006 4439 praetcrea
1016 4353 1174 4439 probatur.
1220 4354 1301 4418 Nam
