3200 4984
724 932 783 998 Du

343 1222 639 1329 TRIBUS
700 1226 1169 1336 CONTINUIS.

545 1568 967 1585 Ἢ

204 1830 234 1891 1.
259 1804 448 1893 RnlucTA
470 1832 622 1896 sententia
646 1834 805 1897 materiam
833 1835 1011 1899 continuam
1033 1835 1219 1915 adstruente,
1242 1836 1300 1900 tria

203 1950 328 2005 manent
343 1940 401 2005 snb
413 1942 529 2006 ratione
544 1944 682 2009 continui
692 1945 876 2029 cogitabilia,
890 1969 1002 2032 nempe
1017 1947 1160 2032 spatium,
1177 1957 1301 2033 tempus

202 2061 234 2116 et
249 2062 351 2117 motus
359 2079 369 2131 ;
393 2052 431 2116 de
446 2054 558 2138 quibus
576 2055 626 2119 hie
640 2058 840 2141 quaerendum
854 2066 901 2121 est
915 2057 991 2143 quid
1011 2059 1083 2134 sint,
1099 2068 1131 2123 et
1145 2059 1299 2144 quomodo

203 2164 242 2227 ad
261 2165 392 2229 invicem
414 2166 593 2245 referantur,
618 2175 649 2230 et
675 2168 847 2232 cuiusmodi
873 2170 1106 2234 continuitatem
1131 2169 1301 2236 habeant&

203 2276 272 2340 Hoc
286 2277 382 2360 igitur
396 2276 494 2340 tribus
507 2277 658 2343 distinctis
667 2279 818 2363 capitibus
828 2279 1048 2364 praestabimus,
1059 2303 1189 2366 quorum
1201 2282 1300 2365 primo
1339 2352 1343 2358 ,

201 2388 352 2473 despatio
375 2397 406 2452 et
427 2388 504 2468 loco,
527 2390 661 2454 secundo
676 2391 713 2454 de
729 2391 889 2455 duratione
903 2401 934 2456 et
949 2400 1094 2477 tempore,
1109 2394 1201 2457 tertio
1218 2393 1256 2459 de
1270 2394 1300 2458 vi

201 2500 324 2579 motiva,
340 2510 371 2565 et
385 2510 473 2566 motu
486 2500 617 2567 breviter
631 2502 826 2567 disseremus.

659 2871 798 2937 CAPUT
814 2872 840 2936 1.

553 3018 605 3073 nn
623 3018 758 3073 sonmo
775 3018 824 3073 nr
842 3019 947 3074 noce.
990 3001 994 3011 '

244 3158 277 3220 2.
300 3154 440 3241 Spatium
464 3152 583 3217 definiri
607 3153 683 3218 solet
706 3156 856 3237 capacitas
878 3177 1049 3238 corporum:
1082 3163 1113 3219 et
1139 3155 1199 3219 dici
1222 3155 1299 3219 solet

191 3268 314 3351 plenum
328 3266 451 3352 quando
473 3288 583 3351 corpus
605 3275 651 3330 est
673 3275 744 3330 actu
766 3266 799 3331 in
821 3289 857 3329 ea
878 3266 1062 3351 capacitate;
1085 3288 1171 3331 secus
1187 3266 1299 3332 dicitur

197 3402 329 3443 vacuum.
375 3378 507 3462 Insuper
529 3376 589 3441 dici
611 3376 688 3440 solet
711 3375 845 3460 spatium
860 3378 946 3454 reale,
970 3375 1052 3461 quod
1066 3376 1216 3441 limitibus
1230 3399 1297 3441 cor·

196 3491 296 3575 porcis
320 3489 550 3568 determinatur,
577 3489 782 3572 imapinoricm
805 3511 885 3568 vero,
913 3488 997 3574 quod
1017 3488 1193 3572 'concipitur
1217 3488 1298 3552 ultra

195 3624 302 3665 omnes
315 3601 429 3666 limites
444 3622 605 3685 corporum
620 3598 826 3663 existentium.

240 3711 302 3777 Sed
316 3733 432 3796 magna
450 3720 499 3775 est
517 3710 597 3775 inter
621 3709 820 3795 philosophos
836 3707 984 3772 discordia
998 3709 1077 3773 circa
1096 3708 1192 3793 spatii
1208 3708 1297 3773 reali·
1398 3769 1400 3774 .

194 3832 289 3888 tatem
309 3832 343 3887 et
365 3822 536 3887 essentiam.
582 3820 678 3885 Multi
700 3842 770 3885 eum
787 3818 924 3885 Cartesio
943 3828 974 3883 et
995 3819 1148 3884 Leibnitio
1169 3832 1297 3905 putave-

195 3942 270 3997 runt
285 3933 419 4017 spatium
434 3954 497 3999 non
512 3931 595 3995 aliud
609 3948 684 4009 esse,
695 3952 786 4015 quam
798 3929 897 4015 ipsam
909 3952 1070 4015 corporum
1078 3932 1295 4011 extensionem,

193 4034 246 4108 alii
260 4054 366 4109 contra
381 4052 542 4108 senserunt
557 4042 635 4107 illud
649 4066 715 4106 esse
730 4041 846 4127 aliquid
861 4041 939 4106 reale
959 4041 1139 4106 distinctum
1153 4066 1171 4107 a
1185 4052 1295 4109 natura

228 4214 245 4249 *
264 4211 437 4269 Continuites
456 4210 619 4281 inflexionis,
639 4198 700 4282 quea
718 4210 810 4264 locum
821 4208 903 4263 habet
914 4208 944 4263 in
960 4209 1034 4263 linea
1043 4228 1133 4279 curva,
1146 4230 1201 4265 non
1211 4214 1294 4269 efficit

192 4305 317 4371 quartam
328 4300 445 4373 speciem
458 4298 654 4365 continuitatis,
668 4297 716 4351 sed
727 4296 841 4351 resultat
853 4314 888 4350 ex
899 4296 1079 4350 continuitate
1090 4302 1181 4352 motus
1191 4298 1294 4370 localis,

194 4391 222 4440 et
234 4392 276 4440 est
289 4387 415 4443 abcidens
427 4387 494 4454 eius,
504 4390 536 4439 ut
548 4382 687 4459 apparebit
699 4402 733 4438 ex
746 4382 867 4438 dicendis
878 4381 949 4437 infra
959 4400 982 4438 c.
994 4382 1033 4437 iii
1046 4388 1096 4437 art
1109 4385 1134 4437 3.

1101 4501 1123 4543 R
