3200 4984
205 430 275 473 csr.
294 408 364 493 nu]
547 430 589 471 nu
607 427 810 472 sussrsnrrc
827 428 1010 473 corrosus.
1240 412 1303 475 231

248 603 321 665 135.
365 601 492 665 Obiieies
520 609 626 663 eontra
655 598 799 684 quintum
829 598 1034 665 corollarium.
1080 598 1115 664 Si
1142 599 1238 665 aether
1262 600 1303 664 sit

202 734 279 796 pure
304 710 493 790 attractivus,
517 709 743 774 admittendum
762 717 810 773 cst
833 708 985 774 mundum
1009 732 1074 774 esse
1093 709 1232 775 absolute
1253 711 1303 774 in·

201 822 288 886 finite
310 830 487 886 extensum:
517 843 603 885 secus
627 821 709 885 enim
736 820 845 905 positis
869 821 1021 885 limitibus
1046 822 1302 908 quibuscumque,

165 923 169 929 ’
202 942 328 1019 propter
347 933 543 998 attractiones
560 943 685 998 mutuas
708 932 927 997 elementorum
950 934 1081 1013 aetheris,
1103 944 1188 999 totus
1210 937 1304 999 aether

202 1047 287 1111 brevi
309 1055 468 1111 concurret
486 1046 524 1109 ed
544 1068 642 1109 unum
665 1056 826 1130 punctum,
850 1046 957 1110 saltem
977 1046 1010 1110 in
1030 1047 1146 1132 spatiis,
1164 1047 1227 1112 uhi·
1240 1069 1303 1111 non

203 1166 277 1221 sunt
293 1157 351 1221 alia
365 1178 491 1242 corpora
504 1156 688 1221 resistentia.

247 1267 440 1354 Respondes,
457 1266 587 1332 similem
610 1267 819 1332 difficultatem
834 1269 895 1333 ism
916 1269 1066 1336 obiectum
1081 1269 1176 1335 fuisse
1192 1280 1303 1336 attrec-

202 1381 281 1445 tioni
304 1379 468 1445 universali
492 1378 710 1457 Newtonianae,
733 1400 789 1443 nec
814 1380 909 1445 fnisse
931 1381 1089 1465 hucusque
1110 1381 1200 1467 plene
1222 1405 1302 1447 reso·

201 1493 299 1557 lutam
309 1519 319 1571 ς
340 1501 371 1555 et
389 1490 590 1556 nihilominus
612 1490 802 1554 attractionis
824 1491 1003 1555 universalis
1025 1492 1143 1556 theoria
1167 1493 1304 1577 quotidie

202 1604 301 1668 verior
326 1603 478 1688 apparuit,
501 1612 532 1665 et
553 1602 634 1666 sacta
656 1611 701 1665 est
723 1602 959 1667 fundamentum
983 1604 1078 1666 totius
1101 1605 1302 1669 astronomis.

201 1715 296 1799 Ergo,
322 1714 442 1778 etiamsi
467 1713 552 1778 nulla
577 1722 680 1803 posset
706 1713 771 1777 dari
800 1714 956 1798 responsio
986 1714 1110 1793 directe,
1141 1714 1303 1780 difficultas

201 1849 265 1891 non
303 1826 426 1891 deberet
459 1826 557 1909 magis
594 1846 702 1909 urgere
731 1847 797 1905 nos,
828 1848 921 1909 quam
952 1824 1187 1890 Nevvtonianos:
1225 1850 1302 1912 prae·

202 1939 308 2003 sertim
332 1939 404 2023 quia
429 1960 492 2001 non
517 1936 620 2001 omnia
646 1937 769 2015 scimus,
793 1958 862 2019 quae
892 1936 1037 2000 adhunc
1060 1938 1210 2001 mundum
1233 1960 1302 2023 per-

202 2052 313 2129 tinent,
340 2049 490 2134 praecipue
516 2049 549 2111 in
575 2047 693 2112 ultimis
718 2047 872 2111 distantiis
895 2048 1063 2132 spatiorum
1086 2072 1104 2112 a
1125 2049 1302 2133 corporibus

201 2170 428 2247 occupatorum,
452 2160 505 2224 ubi
520 2168 651 2243 possunt
672 2159 799 2222 existere
819 2157 928 2241 aliquae
949 2179 1047 2222 causae
1067 2157 1157 2222 nobis
1178 2159 1302 2243 ignotae,

201 2284 233 2337 et
262 2275 389 2337 omnino
419 2271 602 2337 sufficientes
632 2271 671 2334 ad
694 2270 924 2354 impediendum
953 2291 1135 2335 concursum
1164 2271 1302 2336 omniurn

202 2380 365 2469 corporum
380 2385 414 2448 in
427 2404 534 2447 unum.
565 2431 569 2439 .

248 2496 308 2560 Sed
331 2495 498 2579 respondeo
517 2494 630 2558 directe
653 2494 783 2577 aepando
806 2503 869 2558 ant.
891 2502 919 2557 et
942 2516 1020 2557 emes.
1042 2502 1072 2557 et
1092 2495 1235 2558 rationem
1249 2496 1302 2557 ad·

202 2610 328 2671 ductam.
374 2606 455 2671 Nam
475 2604 672 2670 attractiones
697 2612 813 2668 mutuae
832 2604 1053 2668 elementorum
1070 2626 1134 2667 non
1155 2613 1228 2668 sunt
1248 2628 1302 2689 per

203 2742 235 2783 se
253 2741 352 2796 causa,
369 2739 424 2782 cur
445 2717 548 2780 omnia
562 2716 693 2780 debeant
710 2716 744 2779 in
765 2716 892 2779 unicum
914 2723 1064 2798 puuctum
1083 2716 1245 2795 confluere,
1266 2726 1304 2780 ut

202 2837 287 2914 petet
306 2852 342 2891 ex
357 2828 446 2893 dietis
468 2850 560 2912 supra
579 2849 612 2890 n.
629 2829 681 2905 75,
700 2834 730 2889 et
754 2848 833 2911 saepe
851 2825 945 2905 elibi3
966 2825 1019 2889 sed
1037 2836 1110 2914 sunt
1127 2848 1226 2905 causa,
1250 2851 1308 2892 cur

202 2942 352 3005 elementa
375 2939 480 3003 eadem
504 2940 585 3003 inter
609 2961 642 3001 se
664 2937 802 3001 oscillent
825 2936 1066 3001 oscillationibus
1090 2938 1303 3003 constantibus

201 3076 320 3137 semper
341 3051 497 3116 redeundo
520 3050 557 3114 ad
577 3058 739 3135 punctum,
760 3073 795 3113 ex
815 3072 877 3139 quo
897 3058 1057 3133 coeperunt
1078 3050 1224 3130 oscillare,
1241 3051 1303 3114 nisi

202 3165 277 3249 quid
301 3163 385 3228 aliud
411 3163 565 3247 impediat.
612 3161 714 3240 Unde,
741 3160 767 3224 si
791 3162 915 3225 daretm
938 3183 1050 3244 magna
1073 3162 1191 3244 sphaera
1213 3161 1304 3247 plena

203 3277 267 3339 solo
288 3275 410 3354 aethere,
429 3274 516 3338 nullo
538 3272 629 3337 modo
643 3273 693 3337 hic
711 3273 806 3336 aether
826 3273 859 3336 in
877 3281 1016 3336 centrum
1039 3272 1164 3356 sphaerae
1183 3296 1215 3336 se
1234 3297 1303 3368 per·

202 3399 361 3451 manenter
387 3386 552 3461 reduceret,
578 3386 631 3448 sed
657 3392 722 3447 tota
748 3385 866 3468 sphaera
891 3391 1027 3447 maneret
1051 3406 1170 3468 semper
1188 3385 1303 3471 ubique

202 3509 350 3583 occupata
371 3498 492 3574 aethere,
509 3495 638 3579 singulis
653 3494 775 3559 aetheris
790 3495 947 3559 moleeulis
962 3495 1044 3560 ultro
1062 3496 1198 3579 citroque
1212 3495 1301 3559 oscil-

202 3592 338 3675 lantibus
356 3631 454 3692 nsque
472 3607 511 3671 ad
530 3606 774 3692 amplitudinem,
796 3630 832 3669 ex
851 3629 913 3691 qua
929 3606 1042 3690 incepit
1064 3606 1304 3691 uniuscuiusque

202 3720 357 3785 moleculae
377 3729 491 3783 motus.
536 3718 587 3782 Sic
608 3716 790 3781 moleculaa
813 3719 879 3801 (fig.
892 3720 947 3801 22)
972 3718 1127 3802 perveniet
1148 3716 1303 3801 usquead

201 3832 227 3899 α’
249 3843 280 3897 et
295 3832 406 3896 redibit
428 3830 467 3895 ad
483 3854 573 3893 suum
594 3829 698 3893 locum
721 3852 739 3893 a
763 3829 828 3892 sine
850 3829 1055 3893 diminutione
1074 3829 1303 3913 amplitudinis;

202 3946 351 4011 molecula
376 3947 393 4009 b
417 3946 570 4029 perveniet
593 3967 691 4028 usque
717 3944 755 4007 ad
776 3941 801 4007 b'
822 3953 853 4007 et
875 3944 986 4007 redibit
1009 3945 1049 4008 ad
1070 3945 1171 4008 locum
1196 3947 1214 4008 b
1238 3944 1303 4007 sine

201 4058 404 4123 diminutione
424 4056 656 4141 amplitudinis3
680 4055 828 4119 molecula
845 4079 861 4119 c
878 4057 1034 4140 perveniet
1054 4056 1208 4140 usquead
1229 4054 1251 4119 c'
1272 4066 1302 4119 et

201 4169 311 4233 redibit
336 4166 375 4231 ad
401 4189 491 4231 suum
518 4167 619 4230 locum
646 4191 663 4230 c
688 4168 752 4229 sine
779 4167 983 4231 diminutione
1011 4167 1241 4251 amplitudinis3
1272 4177 1303 4231 et

202 4283 282 4346 idem
307 4278 470 4343 dicendum
495 4279 533 4342 de
557 4278 701 4341 omnibus
727 4277 805 4356 aliis,
831 4302 898 4362 quae
920 4280 953 4342 in
977 4279 1030 4343 illa
1059 4279 1176 4362 sphaera
1205 4281 1301 4343 conti·

203 4403 325 4456 nentur.
371 4390 471 4455 Erunt
495 4390 589 4473 igitur
611 4391 642 4455 in
662 4392 807 4454 continuo
823 4402 925 4469 rnotu,
943 4392 995 4455 scd
1018 4414 1079 4454 non
1103 4391 1248 4455 reducent
1271 4416 1303 4455 se
