3200 4984
301 381 367 443 256
653 404 695 447 nn
712 405 831 448 rursus
848 405 1040 449 cormunis.
1278 387 1362 470 [cnr.
1378 406 1401 449 r.

344 566 485 653 Spatium
505 568 665 633 relativum
680 579 726 634 est
741 579 879 648 creamur,
895 571 926 633 in
943 581 1093 655 quantum
1109 571 1232 634 termini
1246 571 1400 636 relationis

301 688 374 742 suut
388 680 492 745 creati.
538 680 600 745 Sed
613 680 851 747 fundamentum
872 682 1028 746 relationis
1048 693 1094 746 est
1108 684 1141 746 in
1159 705 1191 746 re
1212 683 1338 747 omnino
1354 684 1402 747 in·

299 801 434 857 creatum
446 816 456 871 ;
479 802 525 857 est
539 793 623 858 enim
637 794 703 879 ipsa
714 794 884 859 virtualiter
898 795 1113 861 immensitatis
1127 795 1247 873 divinae,
1259 804 1296 858 ut
1310 817 1402 880 supra

300 904 525 989 explicavimus.

345 1018 485 1103 Spatium
508 1016 666 1085 relativum
689 1040 751 1083 non
774 1029 820 1083 est
843 1018 1026 1083 modificatio
1049 1018 1140 1103 spatii
1161 1018 1303 1097 absoluti,
1318 1017 1402 1104 quod

299 1138 347 1194 est
375 1151 500 1214 prorsus
528 1130 729 1195 immutabile.
782 1130 825 1193 Et
854 1130 933 1204 siout
961 1152 1060 1193 unum
1088 1138 1241 1214 punctum
1270 1129 1403 1194 materiae

299 1239 434 1325 positum
460 1240 493 1303 in
518 1261 612 1304 vacuo
636 1241 775 1305 absoluto
798 1262 862 1304 non
885 1238 1031 1325 recipitur
1053 1240 1216 1305 intrinsece
1239 1239 1272 1303 in
1296 1262 1401 1320 vacuo,

300 1352 354 1416 sed
382 1351 572 1417 terminative
601 1362 732 1432 tantum,
763 1363 799 1416 ut
828 1353 979 1430 vidimus3
1017 1352 1061 1416 sic
1089 1352 1219 1437 quilibet
1256 1374 1402 1416 numerus

299 1473 485 1549 punctorum
500 1463 701 1528 materialium
719 1464 796 1528 nihil
819 1464 907 1528 affert
922 1486 1016 1529 vacuo
1033 1463 1243 1544 intrinsecum,
1258 1463 1312 1528 sed
1333 1473 1401 1528 tan·

298 1584 366 1640 tum
381 1574 458 1639 illud
474 1575 650 1640 denominat
665 1600 720 1661 per
735 1576 1013 1642 denominationem
1027 1576 1237 1641 extrinsecam.

342 1687 478 1751 Tandem
498 1687 631 1772 spatium
652 1688 811 1753 relativum
834 1688 983 1773 distingui
1007 1688 1083 1775 solet
1100 1690 1133 1751 in
1150 1688 1273 1768 lineare,
1295 1711 1401 1773 snper·

298 1799 395 1863 ficiale
417 1809 448 1863 et
471 1799 614 1865 solidum.
660 1800 788 1864 Lineare
810 1810 857 1865 est
879 1800 1065 1885 possibilitas
1087 1799 1280 1864 relativarum
1297 1800 1402 1865 ubica·

299 1910 421 1975 tionum
449 1912 530 1977 iuter
555 1912 617 1976 dno
640 1921 754 1997 puncta
780 1913 843 1977 sive
866 1911 987 1976 realiter
1011 1912 1181 1991 existentia,
1205 1912 1267 1976 sive
1292 1913 1402 1997 imagi-

299 2022 424 2087 natione
459 2033 616 2109 concepta.
683 2024 878 2109 Supcrficiale
914 2033 961 2089 est
989 2023 1175 2109 possibilitas
1208 2024 1402 2089 relativarum

300 2135 509 2200 ubicationum
532 2136 612 2200 inter
635 2136 693 2199 tria
718 2146 835 2221 puncta
860 2145 944 2201 extra
969 2136 1081 2201 lineam
1104 2147 1217 2201 rectam
1243 2137 1402 2222 disposita.

301 2245 440 2311 Solidum
460 2257 506 2310 est
528 2246 711 2331 possibilitas
733 2247 928 2312 relativarum
951 2248 1160 2312 ubicationum
1189 2249 1270 2312 inter
1295 2271 1402 2333 super-

299 2357 397 2422 ficiem
412 2367 443 2422 et
458 2368 608 2443 punctum
621 2370 706 2423 extra
719 2359 801 2422 illam
819 2361 922 2424 situm.

347 2472 398 2534 16.
425 2471 561 2535 Obiicr'es.
588 2470 622 2534 Si
646 2470 884 2535 fundamentum
912 2470 1067 2535 relationis
1096 2472 1129 2534 in
1159 2472 1257 2555 spatio
1280 2479 1327 2535 est
1352 2470 1402 2534 in-

251 2594 255 2603 “
298 2591 445 2662 creatum,
467 2582 634 2646 necessario
657 2591 703 2646 est
725 2581 925 2662 immutabile,
949 2592 980 2647 et
1009 2606 1128 2667 semper
1156 2582 1250 2648 idem.
1292 2583 1333 2647 Et
1356 2586 1402 2653 sic

299 2693 420 2759 videtur
434 2693 526 2778 quod,
542 2693 622 2758 datis
637 2693 757 2757 duobus
771 2694 921 2773 terminis,
936 2716 1001 2757 uon
1014 2694 1112 2779 possit
1128 2694 1235 2758 haberi
1249 2698 1329 2760 inter
1348 2719 1402 2762 eos

299 2805 360 2870 nisi
385 2807 475 2869 unica
500 2805 606 2870 relatio
633 2827 752 2891 semper
776 2805 893 2870 eadem.
937 2804 1010 2871 Non
1036 2816 1139 2890 posset
1167 2829 1240 2890 ergo
1266 2807 1401 2891 spatium

298 2916 456 2981 relativum
486 2918 580 2982 inter·
595 2918 653 2981 hos
680 2917 829 2981 terminos
856 2917 1110 3002 comprehensum
1139 2941 1204 2981 esse
1231 2919 1328 2983 maius
1351 2920 1400 2985 vel

299 3029 412 3107 minus,
423 3028 477 3092 sed
485 3028 652 3092 necessario
661 3038 740 3092 esset
750 3052 868 3114 semper
879 3029 971 3093 idem.
994 3031 1037 3092 At
1045 3029 1104 3093 hoc
1115 3038 1161 3093 est
1171 3030 1291 3093 falsumr
1315 3031 1400 3115 Ergo

298 3140 534 3205 fundamentum
549 3140 704 3205 relationis
718 3142 870 3225 praedictae
884 3163 947 3204 non
962 3150 1009 3204 est
1023 3141 1147 3225 aliquod
1160 3142 1339 3205 increatum.

342 3251 523 3335 Respondeo
541 3252 610 3315 diat.
626 3260 688 3315 unt.
704 3254 872 3317 necessario
891 3263 937 3316 est
958 3275 1077 3337 semper
1090 3252 1172 3316 idem
1186 3252 1220 3317 in
1234 3276 1267 3317 se
1280 3263 1312 3316 et
1327 3253 1399 3318 sub·

297 3363 479 3429 stantialiter
501 3386 580 3427 conc.
596 3371 657 3426 ant.
673 3364 706 3426 in
729 3366 846 3428 ratione
867 3364 1059 3428 fundamenti
1081 3387 1146 3448 nep.
1162 3373 1224 3428 ont.
1240 3374 1270 3429 et
1283 3388 1399 3449 conseq.

297 3473 338 3537 Et
353 3473 429 3537 ratio
444 3482 499 3552 est,
510 3472 581 3557 quia
595 3474 751 3558 proprium
766 3482 813 3537 est
826 3474 892 3538 eius
907 3473 1054 3552 entitatis,
1064 3495 1132 3558 quae
1143 3474 1253 3538 fundat
1264 3474 1397 3560 aliquam

296 3584 484 3663 relationem,
504 3584 586 3649 entia
608 3583 757 3664 absoluta,
773 3607 844 3669 quae
867 3585 979 3649 debent
997 3608 1062 3649 esse
1084 3585 1241 3650 relationis
1262 3587 1397 3668 termini,

292 3696 459 3760 'transferre
473 3694 511 3759 de
526 3703 609 3759 statu
622 3693 762 3759 absoluto
777 3695 817 3759 ad
825 3694 1004 3761 relativum:
1028 3696 1109 3761 unde
1123 3697 1263 3781 quamvis
1274 3698 1396 3777 entitas,
1420 3764 1426 3771 ,

295 3806 327 3871 in
342 3830 404 3892 qua
417 3805 565 3871 fundatur
579 3806 685 3871 relatio
700 3814 821 3871 maneat
835 3807 868 3871 in
884 3830 917 3871 se
927 3807 1065 3872 absolute
1076 3806 1191 3887 eadem,
1201 3816 1303 3892 potest
1313 3809 1395 3872 nihi-

295 3918 428 3983 lominus
450 3918 561 3983 habere
580 3918 729 3982 diversam
751 3918 900 3982 rationem
920 3918 1081 3999 fundandi,
1099 3917 1126 3982 si
1144 3919 1262 3984 diversa
1279 3922 1396 3985 ratione

294 4031 440 4095 terminos
455 4028 610 4094 absolutos
626 4029 665 4093 ad
679 4039 794 4123 statum
809 4029 968 4094 relativum
984 4030 1096 4094 trabat.
1128 4030 1266 4115 Apparet
1280 4042 1395 4110 autem,

293 4141 531 4207 immensitatem
545 4140 605 4203 Dei
620 4140 730 4204 babere
748 4140 873 4224 quidem
895 4164 990 4205 unam
1004 4140 1222 4207 virtualitatem
1242 4142 1396 4207 infinitam

291 4277 330 4318 ex
349 4262 434 4338 parte
450 4252 508 4331 sui,
525 4251 576 4316 sed
593 4274 660 4335 quae
675 4272 714 4316 ex
728 4261 815 4337 parte
829 4252 1031 4317 terminorum
1045 4251 1284 4317 extrinsecorum
1298 4254 1394 4338 aequi-

292 4365 389 4431 valeat
404 4363 532 4427 infinitis
543 4363 799 4427 virtualitatibus:
822 4363 971 4448 siquidem
987 4364 1111 4427 termini
1126 4364 1285 4429 extrinseci
1299 4365 1396 4449 parti-
