<?xml version="1.0" encoding="UTF-8"?>
<!DOCTYPE html PUBLIC "-//W3C//DTD XHTML 1.0 Transitional//EN"
    "http://www.w3.org/TR/xhtml1/DTD/xhtml1-transitional.dtd">
<html xmlns="http://www.w3.org/1999/xhtml" xml:lang="en" lang="en">
 <head>
  <title>
</title>
<meta http-equiv="Content-Type" content="text/html;charset=utf-8" />
  <meta name='ocr-system' content='tesseract 3.04.00' />
  <meta name='ocr-capabilities' content='ocr_page ocr_carea ocr_par ocr_line ocrx_word'/>
</head>
<body>
  <div class='ocr_page' id='page_1' title='image "./realisphilosoph00baymgoog_0089.png"; bbox 0 0 3200 4984; ppageno 0'>
   <div class='ocr_carea' id='block_1_1' title="bbox 232 342 1339 427">
    <p class='ocr_par' dir='ltr' id='par_1_1' title="bbox 232 342 1339 427">
     <span class='ocr_line' id='line_1_1' title="bbox 232 342 1339 427; baseline 0.001 -23"><span class='ocrx_word' id='word_1_1' title='bbox 232 358 301 405; x_wconf 79' lang='lat' dir='ltr'><strong>aar.</strong></span> <span class='ocrx_word' id='word_1_2' title='bbox 318 342 391 427; x_wconf 88' lang='lat'><strong>111.]</strong></span> <span class='ocrx_word' id='word_1_3' title='bbox 577 385 579 390; x_wconf 93' lang='lat'>-</span> <span class='ocrx_word' id='word_1_4' title='bbox 600 365 719 409; x_wconf 83' lang='lat' dir='ltr'><strong>annun</strong></span> <span class='ocrx_word' id='word_1_5' title='bbox 735 364 967 409; x_wconf 79' lang='lat' dir='ltr'><strong>aaruaauruu.</strong></span> <span class='ocrx_word' id='word_1_6' title='bbox 1301 345 1339 406; x_wconf 81' lang='lat'><strong>71</strong></span> 
     </span>
    </p>
   </div>
   <div class='ocr_carea' id='block_1_2' title="bbox 172 526 1406 4413">
    <p class='ocr_par' dir='ltr' id='par_1_2' title="bbox 214 526 1406 2735">
     <span class='ocr_line' id='line_1_2' title="bbox 229 526 1337 614; baseline 0.002 -25"><span class='ocrx_word' id='word_1_7' title='bbox 229 547 285 609; x_wconf 89' lang='lat' dir='ltr'><strong>per</strong></span> <span class='ocrx_word' id='word_1_8' title='bbox 295 526 445 607; x_wconf 90' lang='lat' dir='ltr'><strong>accidens,</strong></span> <span class='ocrx_word' id='word_1_9' title='bbox 457 528 541 613; x_wconf 90' lang='lat' dir='ltr'><strong>qnod</strong></span> <span class='ocrx_word' id='word_1_10' title='bbox 556 528 680 593; x_wconf 85' lang='lat' dir='ltr'><strong>evidens</strong></span> <span class='ocrx_word' id='word_1_11' title='bbox 695 538 742 594; x_wconf 88' lang='lat' dir='ltr'><strong>est</strong></span> <span class='ocrx_word' id='word_1_12' title='bbox 757 550 820 593; x_wconf 93' lang='lat' dir='ltr'><strong>non</strong></span> <span class='ocrx_word' id='word_1_13' title='bbox 835 552 926 614; x_wconf 87' lang='lat' dir='ltr'><strong>posse</strong></span> <span class='ocrx_word' id='word_1_14' title='bbox 941 528 1001 593; x_wconf 87' lang='lat' dir='ltr'><strong>dici</strong></span> <span class='ocrx_word' id='word_1_15' title='bbox 1016 528 1054 593; x_wconf 88' lang='lat' dir='ltr'><strong>de</strong></span> <span class='ocrx_word' id='word_1_16' title='bbox 1068 535 1178 592; x_wconf 89' lang='lat' dir='ltr'><strong>natura</strong></span> <span class='ocrx_word' id='word_1_17' title='bbox 1191 526 1337 591; x_wconf 88' lang='lat' dir='ltr'><strong>humana.</strong></span> 
     </span>
     <span class='ocr_line' id='line_1_3' title="bbox 227 636 1336 726; baseline 0.002 -25"><span class='ocrx_word' id='word_1_18' title='bbox 227 636 269 701; x_wconf 79' lang='lat' dir='ltr'><strong>Et</strong></span> <span class='ocrx_word' id='word_1_19' title='bbox 289 647 437 723; x_wconf 84' lang='lat' dir='ltr'><strong>praeterea</strong></span> <span class='ocrx_word' id='word_1_20' title='bbox 458 640 598 705; x_wconf 86' lang='lat' dir='ltr'><strong>accidens</strong></span> <span class='ocrx_word' id='word_1_21' title='bbox 621 641 732 705; x_wconf 81' lang='lat' dir='ltr'><strong>animae</strong></span> <span class='ocrx_word' id='word_1_22' title='bbox 753 663 816 706; x_wconf 89' lang='lat' dir='ltr'><strong>non</strong></span> <span class='ocrx_word' id='word_1_23' title='bbox 838 649 886 707; x_wconf 93' lang='lat' dir='ltr'><strong>est</strong></span> <span class='ocrx_word' id='word_1_24' title='bbox 903 640 1025 726; x_wconf 83' lang='lat' dir='ltr'>proprie</span> <span class='ocrx_word' id='word_1_25' title='bbox 1040 639 1134 718; x_wconf 88' lang='lat' dir='ltr'><strong>alind,</strong></span> <span class='ocrx_word' id='word_1_26' title='bbox 1150 638 1212 704; x_wconf 90' lang='lat' dir='ltr'><strong>nisi</strong></span> <span class='ocrx_word' id='word_1_27' title='bbox 1226 637 1336 723; x_wconf 91' lang='lat' dir='ltr'><strong>aliquis</strong></span> 
     </span>
     <span class='ocr_line' id='line_1_4' title="bbox 226 747 1406 835; baseline 0.001 -23"><span class='ocrx_word' id='word_1_28' title='bbox 226 757 314 813; x_wconf 89' lang='lat' dir='ltr'><strong>actus</strong></span> <span class='ocrx_word' id='word_1_29' title='bbox 334 750 444 814; x_wconf 84' lang='lat' dir='ltr'><strong>animae</strong></span> <span class='ocrx_word' id='word_1_30' title='bbox 465 752 606 816; x_wconf 79' lang='lat' dir='ltr'><strong>saueius</strong></span> <span class='ocrx_word' id='word_1_31' title='bbox 626 751 813 817; x_wconf 86' lang='lat' dir='ltr'><strong>modificatio</strong></span> <span class='ocrx_word' id='word_1_32' title='bbox 831 752 943 835; x_wconf 89' lang='lat' dir='ltr'><strong>(sentio</strong></span> <span class='ocrx_word' id='word_1_33' title='bbox 961 750 1044 815; x_wconf 86' lang='lat' dir='ltr'><strong>enim</strong></span> <span class='ocrx_word' id='word_1_34' title='bbox 1059 749 1211 835; x_wconf 82' lang='lat' dir='ltr'><strong>potentias</strong></span> <span class='ocrx_word' id='word_1_35' title='bbox 1226 747 1337 815; x_wconf 86' lang='lat' dir='ltr'><strong>animae</strong></span> <span class='ocrx_word' id='word_1_36' title='bbox 1403 808 1406 813; x_wconf 80' lang='grc'>,</span> 
     </span>
     <span class='ocr_line' id='line_1_5' title="bbox 225 859 1334 948; baseline 0.001 -25"><span class='ocrx_word' id='word_1_37' title='bbox 225 882 289 923; x_wconf 93' lang='lat' dir='ltr'><strong>non</strong></span> <span class='ocrx_word' id='word_1_38' title='bbox 317 884 385 925; x_wconf 87' lang='lat' dir='ltr'><strong>esse</strong></span> <span class='ocrx_word' id='word_1_39' title='bbox 413 861 586 946; x_wconf 86' lang='lat' dir='ltr'><strong>qualitates,</strong></span> <span class='ocrx_word' id='word_1_40' title='bbox 609 862 664 926; x_wconf 87' lang='lat' dir='ltr'><strong>sed</strong></span> <span class='ocrx_word' id='word_1_41' title='bbox 685 861 887 948; x_wconf 78' lang='lat' dir='ltr'><strong>proprietates</strong></span> <span class='ocrx_word' id='word_1_42' title='bbox 912 861 1097 940; x_wconf 82' lang='lat' dir='ltr'><strong>essentiales,</strong></span> <span class='ocrx_word' id='word_1_43' title='bbox 1120 859 1231 946; x_wconf 91' lang='lat' dir='ltr'><strong>quibus</strong></span> <span class='ocrx_word' id='word_1_44' title='bbox 1261 860 1334 925; x_wconf 91' lang='lat' dir='ltr'><strong>sub-</strong></span> 
     </span>
     <span class='ocr_line' id='line_1_6' title="bbox 224 971 1331 1063; baseline 0 -28"><span class='ocrx_word' id='word_1_45' title='bbox 224 972 339 1037; x_wconf 85' lang='lat' dir='ltr'><strong>stantia</strong></span> <span class='ocrx_word' id='word_1_46' title='bbox 360 971 427 1061; x_wconf 84' lang='lat' dir='ltr'><strong>ipsa</strong></span> <span class='ocrx_word' id='word_1_47' title='bbox 448 981 481 1037; x_wconf 91' lang='lat' dir='ltr'><strong>et</strong></span> <span class='ocrx_word' id='word_1_48' title='bbox 506 982 617 1039; x_wconf 92' lang='lat' dir='ltr'><strong>natura</strong></span> <span class='ocrx_word' id='word_1_49' title='bbox 638 973 749 1039; x_wconf 87' lang='lat' dir='ltr'><strong>animae</strong></span> <span class='ocrx_word' id='word_1_50' title='bbox 771 974 952 1063; x_wconf 79' lang='lat' dir='ltr'><strong>enuntiatur</strong></span> <span class='ocrx_word' id='word_1_51' title='bbox 975 973 1033 1038; x_wconf 91' lang='lat' dir='ltr'><strong>sub</strong></span> <span class='ocrx_word' id='word_1_52' title='bbox 1056 973 1182 1038; x_wconf 88' lang='lat' dir='ltr'><strong>diversis</strong></span> <span class='ocrx_word' id='word_1_53' title='bbox 1204 994 1331 1057; x_wconf 87' lang='lat' dir='ltr'><strong>concap-</strong></span> 
     </span>
     <span class='ocr_line' id='line_1_7' title="bbox 222 1083 1332 1173; baseline 0 -26"><span class='ocrx_word' id='word_1_54' title='bbox 222 1084 307 1149; x_wconf 87' lang='lat' dir='ltr'><strong>tibus</strong></span> <span class='ocrx_word' id='word_1_55' title='bbox 320 1084 517 1169; x_wconf 83' lang='lat' dir='ltr'><strong>praecisivis):</strong></span> <span class='ocrx_word' id='word_1_56' title='bbox 540 1086 628 1171; x_wconf 89' lang='lat' dir='ltr'><strong>atqui</strong></span> <span class='ocrx_word' id='word_1_57' title='bbox 642 1086 751 1173; x_wconf 85' lang='lat' dir='ltr'><strong>nequit</strong></span> <span class='ocrx_word' id='word_1_58' title='bbox 765 1086 868 1151; x_wconf 89' lang='lat' dir='ltr'><strong>anima</strong></span> <span class='ocrx_word' id='word_1_59' title='bbox 883 1085 1030 1171; x_wconf 81' lang='lat' dir='ltr'><strong>coniungi</strong></span> <span class='ocrx_word' id='word_1_60' title='bbox 1046 1084 1163 1169; x_wconf 84' lang='lat' dir='ltr'><strong>corpori</strong></span> <span class='ocrx_word' id='word_1_61' title='bbox 1177 1083 1332 1148; x_wconf 86' lang='lat' dir='ltr'><strong>mediante</strong></span> 
     </span>
     <span class='ocr_line' id='line_1_8' title="bbox 222 1196 1329 1282; baseline -0.001 -22"><span class='ocrx_word' id='word_1_62' title='bbox 222 1196 323 1282; x_wconf 85' lang='lat' dir='ltr'><strong>aliqua</strong></span> <span class='ocrx_word' id='word_1_63' title='bbox 345 1220 401 1263; x_wconf 87' lang='lat' dir='ltr'><strong>sua</strong></span> <span class='ocrx_word' id='word_1_64' title='bbox 422 1198 551 1263; x_wconf 89' lang='lat' dir='ltr'><strong>actione.</strong></span> <span class='ocrx_word' id='word_1_65' title='bbox 607 1199 690 1264; x_wconf 92' lang='lat' dir='ltr'><strong>Nam</strong></span> <span class='ocrx_word' id='word_1_66' title='bbox 711 1198 813 1264; x_wconf 90' lang='lat' dir='ltr'><strong>omnis</strong></span> <span class='ocrx_word' id='word_1_67' title='bbox 835 1197 915 1263; x_wconf 90' lang='lat' dir='ltr'><strong>actio</strong></span> <span class='ocrx_word' id='word_1_68' title='bbox 937 1198 1047 1262; x_wconf 85' lang='lat' dir='ltr'><strong>animae</strong></span> <span class='ocrx_word' id='word_1_69' title='bbox 1068 1196 1102 1261; x_wconf 89' lang='lat' dir='ltr'><strong>in</strong></span> <span class='ocrx_word' id='word_1_70' title='bbox 1124 1218 1234 1281; x_wconf 90' lang='lat' dir='ltr'><strong>corpus</strong></span> <span class='ocrx_word' id='word_1_71' title='bbox 1257 1217 1329 1260; x_wconf 91' lang='lat' dir='ltr'><strong>con-</strong></span> 
     </span>
     <span class='ocr_line' id='line_1_9' title="bbox 221 1308 1330 1397; baseline 0 -22"><span class='ocrx_word' id='word_1_72' title='bbox 221 1312 360 1396; x_wconf 89' lang='lat' dir='ltr'><strong>sequitur</strong></span> <span class='ocrx_word' id='word_1_73' title='bbox 374 1311 441 1376; x_wconf 87' lang='lat' dir='ltr'><strong>eius</strong></span> <span class='ocrx_word' id='word_1_74' title='bbox 456 1312 602 1376; x_wconf 89' lang='lat' dir='ltr'><strong>unionem</strong></span> <span class='ocrx_word' id='word_1_75' title='bbox 617 1334 689 1376; x_wconf 89' lang='lat' dir='ltr'><strong>cum</strong></span> <span class='ocrx_word' id='word_1_76' title='bbox 704 1334 850 1397; x_wconf 87' lang='lat' dir='ltr'><strong>corpore:</strong></span> <span class='ocrx_word' id='word_1_77' title='bbox 872 1333 935 1376; x_wconf 90' lang='lat' dir='ltr'><strong>nou</strong></span> <span class='ocrx_word' id='word_1_78' title='bbox 950 1334 1025 1395; x_wconf 83' lang='lat' dir='ltr'><strong>ergo</strong></span> <span class='ocrx_word' id='word_1_79' title='bbox 1039 1310 1164 1375; x_wconf 85' lang='lat' dir='ltr'><strong>mediat.</strong></span> <span class='ocrx_word' id='word_1_80' title='bbox 1209 1308 1330 1375; x_wconf 88' lang='lat' dir='ltr'><strong>Deinde</strong></span> 
     </span>
     <span class='ocr_line' id='line_1_10' title="bbox 220 1420 1329 1509; baseline -0.001 -24"><span class='ocrx_word' id='word_1_81' title='bbox 220 1422 247 1485; x_wconf 89' lang='lat' dir='ltr'><strong>si</strong></span> <span class='ocrx_word' id='word_1_82' title='bbox 266 1445 328 1507; x_wconf 91' lang='lat' dir='ltr'><strong>qna</strong></span> <span class='ocrx_word' id='word_1_83' title='bbox 345 1423 514 1507; x_wconf 85' lang='lat' dir='ltr'><strong>fingeretur</strong></span> <span class='ocrx_word' id='word_1_84' title='bbox 533 1423 613 1489; x_wconf 92' lang='lat' dir='ltr'><strong>actio</strong></span> <span class='ocrx_word' id='word_1_85' title='bbox 630 1424 743 1504; x_wconf 89' lang='lat' dir='ltr'><strong>media,</strong></span> <span class='ocrx_word' id='word_1_86' title='bbox 759 1447 795 1489; x_wconf 86' lang='lat' dir='ltr'><strong>ea</strong></span> <span class='ocrx_word' id='word_1_87' title='bbox 817 1446 881 1489; x_wconf 90' lang='lat' dir='ltr'><strong>nou</strong></span> <span class='ocrx_word' id='word_1_88' title='bbox 896 1431 1000 1509; x_wconf 87' lang='lat' dir='ltr'><strong>posset</strong></span> <span class='ocrx_word' id='word_1_89' title='bbox 1014 1444 1079 1487; x_wconf 89' lang='lat' dir='ltr'><strong>esse</strong></span> <span class='ocrx_word' id='word_1_90' title='bbox 1094 1422 1154 1485; x_wconf 87' lang='lat' dir='ltr'><strong>nisi</strong></span> <span class='ocrx_word' id='word_1_91' title='bbox 1169 1429 1254 1489; x_wconf 87' lang='lat' dir='ltr'><strong>actus</strong></span> <span class='ocrx_word' id='word_1_92' title='bbox 1269 1420 1329 1485; x_wconf 90' lang='lat' dir='ltr'><strong>vir·</strong></span> 
     </span>
     <span class='ocr_line' id='line_1_11' title="bbox 219 1532 1328 1601; baseline -0.001 -4"><span class='ocrx_word' id='word_1_93' title='bbox 219 1534 297 1597; x_wconf 91' lang='lat' dir='ltr'><strong>tntis</strong></span> <span class='ocrx_word' id='word_1_94' title='bbox 311 1534 522 1599; x_wconf 77' lang='lat' dir='ltr'><strong>informativae.</strong></span> <span class='ocrx_word' id='word_1_95' title='bbox 569 1536 631 1600; x_wconf 80' lang='lat' dir='ltr'><strong>sed</strong></span> <span class='ocrx_word' id='word_1_96' title='bbox 644 1544 731 1600; x_wconf 88' lang='lat' dir='ltr'><strong>aetus</strong></span> <span class='ocrx_word' id='word_1_97' title='bbox 746 1536 870 1601; x_wconf 83' lang='lat' dir='ltr'><strong>virtutis</strong></span> <span class='ocrx_word' id='word_1_98' title='bbox 884 1534 1084 1601; x_wconf 77' lang='lat' dir='ltr'><strong>informativae</strong></span> <span class='ocrx_word' id='word_1_99' title='bbox 1102 1556 1166 1598; x_wconf 91' lang='lat' dir='ltr'><strong>non</strong></span> <span class='ocrx_word' id='word_1_100' title='bbox 1184 1541 1230 1597; x_wconf 88' lang='lat' dir='ltr'><strong>est</strong></span> <span class='ocrx_word' id='word_1_101' title='bbox 1249 1532 1328 1597; x_wconf 91' lang='lat' dir='ltr'><strong>actio</strong></span> 
     </span>
     <span class='ocr_line' id='line_1_12' title="bbox 220 1643 1328 1731; baseline -0.003 -21"><span class='ocrx_word' id='word_1_102' title='bbox 220 1643 268 1710; x_wconf 86' lang='lat' dir='ltr'><strong>vel</strong></span> <span class='ocrx_word' id='word_1_103' title='bbox 296 1645 482 1711; x_wconf 87' lang='lat' dir='ltr'><strong>modificatio</strong></span> <span class='ocrx_word' id='word_1_104' title='bbox 503 1646 624 1726; x_wconf 82' lang='lat' dir='ltr'><strong>animae,</strong></span> <span class='ocrx_word' id='word_1_105' title='bbox 647 1646 702 1711; x_wconf 89' lang='lat' dir='ltr'><strong>sed</strong></span> <span class='ocrx_word' id='word_1_106' title='bbox 723 1656 770 1712; x_wconf 87' lang='lat' dir='ltr'><strong>est</strong></span> <span class='ocrx_word' id='word_1_107' title='bbox 792 1647 895 1731; x_wconf 90' lang='lat' dir='ltr'><strong>ipsum</strong></span> <span class='ocrx_word' id='word_1_108' title='bbox 917 1670 983 1712; x_wconf 83' lang='lat' dir='ltr'><strong>csse</strong></span> <span class='ocrx_word' id='word_1_109' title='bbox 1004 1646 1111 1711; x_wconf 80' lang='lat' dir='ltr'><strong>formae</strong></span> <span class='ocrx_word' id='word_1_110' title='bbox 1133 1644 1328 1710; x_wconf 87' lang='lat' dir='ltr'><strong>informantis</strong></span> 
     </span>
     <span class='ocr_line' id='line_1_13' title="bbox 219 1758 1325 1845; baseline 0.003 -25"><span class='ocrx_word' id='word_1_111' title='bbox 219 1765 300 1821; x_wconf 88' lang='lat' dir='ltr'><strong>actu.</strong></span> <span class='ocrx_word' id='word_1_112' title='bbox 346 1758 429 1822; x_wconf 91' lang='lat' dir='ltr'><strong>Nam</strong></span> <span class='ocrx_word' id='word_1_113' title='bbox 443 1758 542 1823; x_wconf 85' lang='lat' dir='ltr'><strong>virtus</strong></span> <span class='ocrx_word' id='word_1_114' title='bbox 556 1759 751 1825; x_wconf 77' lang='lat' dir='ltr'><strong>informatius</strong></span> <span class='ocrx_word' id='word_1_115' title='bbox 765 1760 845 1825; x_wconf 89' lang='lat' dir='ltr'><strong>nihil</strong></span> <span class='ocrx_word' id='word_1_116' title='bbox 859 1769 906 1825; x_wconf 91' lang='lat' dir='ltr'><strong>est</strong></span> <span class='ocrx_word' id='word_1_117' title='bbox 921 1760 1004 1825; x_wconf 87' lang='lat' dir='ltr'><strong>alind</strong></span> <span class='ocrx_word' id='word_1_118' title='bbox 1019 1783 1112 1845; x_wconf 89' lang='lat' dir='ltr'><strong>quam</strong></span> <span class='ocrx_word' id='word_1_119' title='bbox 1126 1760 1194 1845; x_wconf 89' lang='lat' dir='ltr'><strong>ipsa</strong></span> <span class='ocrx_word' id='word_1_120' title='bbox 1207 1758 1306 1823; x_wconf 84' lang='lat' dir='ltr'><strong>forma</strong></span> <span class='ocrx_word' id='word_1_121' title='bbox 1319 1782 1325 1823; x_wconf 74' lang='grc' dir='ltr'><strong>ι</strong></span> 
     </span>
     <span class='ocr_line' id='line_1_14' title="bbox 218 1868 1326 1954; baseline 0.002 -22"><span class='ocrx_word' id='word_1_122' title='bbox 218 1876 250 1932; x_wconf 83' lang='lat' dir='ltr'><strong>et</strong></span> <span class='ocrx_word' id='word_1_123' title='bbox 267 1868 335 1954; x_wconf 81' lang='lat' dir='ltr'><strong>eius</strong></span> <span class='ocrx_word' id='word_1_124' title='bbox 355 1879 443 1935; x_wconf 88' lang='lat' dir='ltr'><strong>actas</strong></span> <span class='ocrx_word' id='word_1_125' title='bbox 465 1879 512 1936; x_wconf 88' lang='lat' dir='ltr'><strong>est</strong></span> <span class='ocrx_word' id='word_1_126' title='bbox 534 1871 709 1938; x_wconf 88' lang='lat' dir='ltr'><strong>informare.</strong></span> <span class='ocrx_word' id='word_1_127' title='bbox 755 1871 927 1937; x_wconf 87' lang='lat' dir='ltr'><strong>Informare</strong></span> <span class='ocrx_word' id='word_1_128' title='bbox 941 1894 1013 1937; x_wconf 86' lang='lat' dir='ltr'><strong>vero</strong></span> <span class='ocrx_word' id='word_1_129' title='bbox 1034 1894 1098 1937; x_wconf 89' lang='lat' dir='ltr'><strong>non</strong></span> <span class='ocrx_word' id='word_1_130' title='bbox 1120 1878 1167 1936; x_wconf 88' lang='lat' dir='ltr'><strong>est</strong></span> <span class='ocrx_word' id='word_1_131' title='bbox 1189 1870 1326 1935; x_wconf 89' lang='lat' dir='ltr'><strong>medium</strong></span> 
     </span>
     <span class='ocr_line' id='line_1_15' title="bbox 218 1981 1326 2069; baseline 0.003 -25"><span class='ocrx_word' id='word_1_132' title='bbox 218 1981 301 2046; x_wconf 89' lang='lat' dir='ltr'><strong>inter</strong></span> <span class='ocrx_word' id='word_1_133' title='bbox 329 1983 489 2047; x_wconf 88' lang='lat' dir='ltr'><strong>materiam</strong></span> <span class='ocrx_word' id='word_1_134' title='bbox 519 1995 551 2048; x_wconf 88' lang='lat' dir='ltr'><strong>et</strong></span> <span class='ocrx_word' id='word_1_135' title='bbox 578 1983 720 2063; x_wconf 83' lang='lat' dir='ltr'><strong>formam,</strong></span> <span class='ocrx_word' id='word_1_136' title='bbox 750 1983 805 2048; x_wconf 87' lang='lat' dir='ltr'><strong>sed</strong></span> <span class='ocrx_word' id='word_1_137' title='bbox 834 1992 880 2049; x_wconf 89' lang='lat' dir='ltr'><strong>est</strong></span> <span class='ocrx_word' id='word_1_138' title='bbox 909 1983 1011 2069; x_wconf 89' lang='lat' dir='ltr'><strong>ipsum</strong></span> <span class='ocrx_word' id='word_1_139' title='bbox 1041 2004 1107 2049; x_wconf 87' lang='lat' dir='ltr'><strong>ease</strong></span> <span class='ocrx_word' id='word_1_140' title='bbox 1134 1984 1262 2048; x_wconf 87' lang='lat' dir='ltr'><strong>formam</strong></span> <span class='ocrx_word' id='word_1_141' title='bbox 1294 1982 1326 2047; x_wconf 90' lang='lat' dir='ltr'><strong>in</strong></span> 
     </span>
     <span class='ocr_line' id='line_1_16' title="bbox 217 2094 1326 2180; baseline 0.001 -24"><span class='ocrx_word' id='word_1_142' title='bbox 217 2094 355 2160; x_wconf 87' lang='lat' dir='ltr'><strong>materia.</strong></span> <span class='ocrx_word' id='word_1_143' title='bbox 400 2094 538 2159; x_wconf 80' lang='lat' dir='ltr'><strong>‘laudem</strong></span> <span class='ocrx_word' id='word_1_144' title='bbox 552 2116 617 2159; x_wconf 90' lang='lat' dir='ltr'><strong>non</strong></span> <span class='ocrx_word' id='word_1_145' title='bbox 631 2103 733 2180; x_wconf 88' lang='lat' dir='ltr'><strong>potest</strong></span> <span class='ocrx_word' id='word_1_146' title='bbox 748 2119 814 2161; x_wconf 85' lang='lat' dir='ltr'><strong>esse</strong></span> <span class='ocrx_word' id='word_1_147' title='bbox 829 2095 969 2161; x_wconf 86' lang='lat' dir='ltr'><strong>accidens</strong></span> <span class='ocrx_word' id='word_1_148' title='bbox 985 2117 1147 2159; x_wconf 88' lang='lat' dir='ltr'><strong>commune</strong></span> <span class='ocrx_word' id='word_1_149' title='bbox 1162 2094 1280 2178; x_wconf 85' lang='lat' dir='ltr'><strong>corpori</strong></span> <span class='ocrx_word' id='word_1_150' title='bbox 1295 2102 1326 2157; x_wconf 93' lang='lat' dir='ltr'><strong>et</strong></span> 
     </span>
     <span class='ocr_line' id='line_1_17' title="bbox 216 2204 1325 2293; baseline -0.002 -22"><span class='ocrx_word' id='word_1_151' title='bbox 216 2204 344 2271; x_wconf 77' lang='lat' dir='ltr'><strong>animae:</strong></span> <span class='ocrx_word' id='word_1_152' title='bbox 374 2206 526 2293; x_wconf 88' lang='lat' dir='ltr'><strong>quiahoc</strong></span> <span class='ocrx_word' id='word_1_153' title='bbox 546 2207 646 2272; x_wconf 90' lang='lat' dir='ltr'><strong>solnm</strong></span> <span class='ocrx_word' id='word_1_154' title='bbox 667 2208 793 2273; x_wconf 80' lang='lat' dir='ltr'><strong>estillic</strong></span> <span class='ocrx_word' id='word_1_155' title='bbox 812 2229 985 2287; x_wconf 84' lang='lat' dir='ltr'><strong>commune,</strong></span> <span class='ocrx_word' id='word_1_156' title='bbox 1001 2206 1084 2291; x_wconf 90' lang='lat' dir='ltr'><strong>quod</strong></span> <span class='ocrx_word' id='word_1_157' title='bbox 1103 2206 1235 2271; x_wconf 88' lang='lat' dir='ltr'><strong>habeant</strong></span> <span class='ocrx_word' id='word_1_158' title='bbox 1253 2205 1325 2269; x_wconf 88' lang='lat' dir='ltr'><strong>uni·</strong></span> 
     </span>
     <span class='ocr_line' id='line_1_18' title="bbox 215 2318 1325 2404; baseline 0.003 -25"><span class='ocrx_word' id='word_1_159' title='bbox 215 2338 317 2380; x_wconf 84' lang='lat' dir='ltr'><strong>onam.</strong></span> <span class='ocrx_word' id='word_1_160' title='bbox 363 2318 425 2382; x_wconf 79' lang='lat' dir='ltr'><strong>sed</strong></span> <span class='ocrx_word' id='word_1_161' title='bbox 440 2318 516 2383; x_wconf 89' lang='lat' dir='ltr'><strong>nnio</strong></span> <span class='ocrx_word' id='word_1_162' title='bbox 529 2341 593 2383; x_wconf 92' lang='lat' dir='ltr'><strong>non</strong></span> <span class='ocrx_word' id='word_1_163' title='bbox 608 2331 656 2384; x_wconf 87' lang='lat' dir='ltr'><strong>est</strong></span> <span class='ocrx_word' id='word_1_164' title='bbox 673 2319 748 2404; x_wconf 90' lang='lat' dir='ltr'><strong>quid</strong></span> <span class='ocrx_word' id='word_1_165' title='bbox 769 2319 926 2384; x_wconf 89' lang='lat' dir='ltr'><strong>medinm:</strong></span> <span class='ocrx_word' id='word_1_166' title='bbox 949 2341 1021 2383; x_wconf 89' lang='lat' dir='ltr'><strong>nam</strong></span> <span class='ocrx_word' id='word_1_167' title='bbox 1038 2319 1114 2383; x_wconf 91' lang='lat' dir='ltr'><strong>unio</strong></span> <span class='ocrx_word' id='word_1_168' title='bbox 1128 2318 1325 2402; x_wconf 78' lang='lat' dir='ltr'><strong>consequitur</strong></span> 
     </span>
     <span class='ocr_line' id='line_1_19' title="bbox 214 2427 1323 2516; baseline 0.002 -25"><span class='ocrx_word' id='word_1_169' title='bbox 214 2427 439 2503; x_wconf 80' lang='lat' dir='ltr'><strong>informationis</strong></span> <span class='ocrx_word' id='word_1_170' title='bbox 461 2439 566 2495; x_wconf 88' lang='lat' dir='ltr'><strong>actum</strong></span> <span class='ocrx_word' id='word_1_171' title='bbox 587 2439 746 2516; x_wconf 87' lang='lat' dir='ltr'><strong>tamqnam</strong></span> <span class='ocrx_word' id='word_1_172' title='bbox 767 2431 895 2495; x_wconf 83' lang='lat' dir='ltr'><strong>effectus</strong></span> <span class='ocrx_word' id='word_1_173' title='bbox 923 2430 1069 2497; x_wconf 86' lang='lat' dir='ltr'><strong>formalis.</strong></span> <span class='ocrx_word' id='word_1_174' title='bbox 1113 2430 1197 2514; x_wconf 80' lang='lat' dir='ltr'><strong>Ilrgo</strong></span> <span class='ocrx_word' id='word_1_175' title='bbox 1221 2428 1323 2493; x_wconf 88' lang='lat' dir='ltr'><strong>anima</strong></span> 
     </span>
     <span class='ocr_line' id='line_1_20' title="bbox 215 2537 1324 2628; baseline 0.003 -26"><span class='ocrx_word' id='word_1_176' title='bbox 215 2537 400 2621; x_wconf 87' lang='lat' dir='ltr'><strong>immediate,</strong></span> <span class='ocrx_word' id='word_1_177' title='bbox 425 2564 480 2626; x_wconf 85' lang='lat' dir='ltr'><strong>per</strong></span> <span class='ocrx_word' id='word_1_178' title='bbox 510 2565 553 2622; x_wconf 86' lang='lat' dir='ltr'><strong>sc,</strong></span> <span class='ocrx_word' id='word_1_179' title='bbox 579 2565 634 2606; x_wconf 90' lang='lat' dir='ltr'><strong>seu</strong></span> <span class='ocrx_word' id='word_1_180' title='bbox 663 2564 720 2628; x_wconf 92' lang='lat' dir='ltr'><strong>per</strong></span> <span class='ocrx_word' id='word_1_181' title='bbox 749 2566 837 2607; x_wconf 90' lang='lat' dir='ltr'><strong>suam</strong></span> <span class='ocrx_word' id='word_1_182' title='bbox 867 2542 964 2627; x_wconf 88' lang='lat' dir='ltr'><strong>ipsam</strong></span> <span class='ocrx_word' id='word_1_183' title='bbox 991 2541 1192 2609; x_wconf 88' lang='lat' dir='ltr'><strong>substantiam</strong></span> <span class='ocrx_word' id='word_1_184' title='bbox 1216 2540 1324 2605; x_wconf 87' lang='lat' dir='ltr'><strong>unitur</strong></span> 
     </span>
     <span class='ocr_line' id='line_1_21' title="bbox 214 2652 344 2735; baseline 0.008 -21"><span class='ocrx_word' id='word_1_185' title='bbox 214 2652 344 2735; x_wconf 87' lang='lat' dir='ltr'><strong>corpori.</strong></span> 
     </span>
    </p>

    <p class='ocr_par' dir='ltr' id='par_1_3' title="bbox 172 2760 1323 4189">
     <span class='ocr_line' id='line_1_22' title="bbox 257 2760 1320 2850; baseline 0.003 -24"><span class='ocrx_word' id='word_1_186' title='bbox 257 2760 328 2838; x_wconf 80' lang='lat' dir='ltr'><strong>Quo</strong></span> <span class='ocrx_word' id='word_1_187' title='bbox 349 2771 454 2827; x_wconf 89' lang='lat' dir='ltr'><strong>autem</strong></span> <span class='ocrx_word' id='word_1_188' title='bbox 475 2764 568 2828; x_wconf 84' lang='lat' dir='ltr'><strong>modo</strong></span> <span class='ocrx_word' id='word_1_189' title='bbox 590 2787 702 2850; x_wconf 89' lang='lat' dir='ltr'><strong>corpus</strong></span> <span class='ocrx_word' id='word_1_190' title='bbox 724 2763 908 2829; x_wconf 84' lang='lat' dir='ltr'><strong>informetur</strong></span> <span class='ocrx_word' id='word_1_191' title='bbox 931 2763 1104 2829; x_wconf 90' lang='lat' dir='ltr'><strong>substantia</strong></span> <span class='ocrx_word' id='word_1_192' title='bbox 1125 2764 1245 2843; x_wconf 84' lang='lat' dir='ltr'><strong>animae,</strong></span> <span class='ocrx_word' id='word_1_193' title='bbox 1262 2764 1320 2829; x_wconf 86' lang='lat' dir='ltr'><strong>dif-</strong></span> 
     </span>
     <span class='ocr_line' id='line_1_23' title="bbox 213 2871 1323 2967; baseline 0.005 -33"><span class='ocrx_word' id='word_1_194' title='bbox 213 2871 291 2935; x_wconf 84' lang='lat' dir='ltr'><strong>ficile</strong></span> <span class='ocrx_word' id='word_1_195' title='bbox 309 2880 356 2936; x_wconf 88' lang='lat' dir='ltr'><strong>est</strong></span> <span class='ocrx_word' id='word_1_196' title='bbox 374 2871 483 2952; x_wconf 89' lang='lat' dir='ltr'><strong>dicere,</strong></span> <span class='ocrx_word' id='word_1_197' title='bbox 499 2874 572 2959; x_wconf 87' lang='lat' dir='ltr'><strong>qnia</strong></span> <span class='ocrx_word' id='word_1_198' title='bbox 592 2875 702 2940; x_wconf 80' lang='lat' dir='ltr'><strong>anima</strong></span> <span class='ocrx_word' id='word_1_199' title='bbox 719 2883 863 2940; x_wconf 88' lang='lat' dir='ltr'><strong>naturam</strong></span> <span class='ocrx_word' id='word_1_200' title='bbox 885 2896 949 2939; x_wconf 92' lang='lat' dir='ltr'><strong>non</strong></span> <span class='ocrx_word' id='word_1_201' title='bbox 971 2876 1192 2967; x_wconf 84' lang='lat' dir='ltr'><strong>cognoscimus,</strong></span> <span class='ocrx_word' id='word_1_202' title='bbox 1208 2876 1267 2939; x_wconf 89' lang='lat' dir='ltr'><strong>nisi</strong></span> <span class='ocrx_word' id='word_1_203' title='bbox 1287 2898 1323 2939; x_wconf 86' lang='lat' dir='ltr'><strong>ex</strong></span> 
     </span>
     <span class='ocr_line' id='line_1_24' title="bbox 213 2982 1323 3069; baseline 0.005 -24"><span class='ocrx_word' id='word_1_204' title='bbox 213 2982 279 3048; x_wconf 86' lang='lat' dir='ltr'><strong>aius</strong></span> <span class='ocrx_word' id='word_1_205' title='bbox 302 2984 542 3069; x_wconf 88' lang='lat' dir='ltr'><strong>operationibus,</strong></span> <span class='ocrx_word' id='word_1_206' title='bbox 564 2984 597 3049; x_wconf 90' lang='lat' dir='ltr'><strong>id</strong></span> <span class='ocrx_word' id='word_1_207' title='bbox 619 2994 667 3049; x_wconf 81' lang='lat' dir='ltr'><strong>est</strong></span> <span class='ocrx_word' id='word_1_208' title='bbox 684 3008 702 3049; x_wconf 92' lang='lat' dir='ltr'><strong>a</strong></span> <span class='ocrx_word' id='word_1_209' title='bbox 719 2985 891 3069; x_wconf 89' lang='lat' dir='ltr'><strong>posteriori.</strong></span> <span class='ocrx_word' id='word_1_210' title='bbox 936 2985 997 3049; x_wconf 86' lang='lat' dir='ltr'><strong>Res</strong></span> <span class='ocrx_word' id='word_1_211' title='bbox 1017 2993 1121 3050; x_wconf 90' lang='lat' dir='ltr'><strong>tamen</strong></span> <span class='ocrx_word' id='word_1_212' title='bbox 1139 2987 1323 3051; x_wconf 89' lang='lat' dir='ltr'><strong>sufficienter</strong></span> 
     </span>
     <span class='ocr_line' id='line_1_25' title="bbox 212 3093 1320 3185; baseline 0.005 -27"><span class='ocrx_word' id='word_1_213' title='bbox 212 3093 403 3179; x_wconf 82' lang='lat' dir='ltr'><strong>intelligetur</strong></span> <span class='ocrx_word' id='word_1_214' title='bbox 431 3096 664 3176; x_wconf 87' lang='lat' dir='ltr'><strong>considerando,</strong></span> <span class='ocrx_word' id='word_1_215' title='bbox 686 3097 766 3162; x_wconf 90' lang='lat' dir='ltr'><strong>banc</strong></span> <span class='ocrx_word' id='word_1_216' title='bbox 791 3120 858 3161; x_wconf 88' lang='lat' dir='ltr'><strong>esse</strong></span> <span class='ocrx_word' id='word_1_217' title='bbox 880 3095 1084 3161; x_wconf 86' lang='lat' dir='ltr'><strong>differentiam</strong></span> <span class='ocrx_word' id='word_1_218' title='bbox 1106 3098 1187 3162; x_wconf 90' lang='lat' dir='ltr'><strong>inter</strong></span> <span class='ocrx_word' id='word_1_219' title='bbox 1209 3121 1320 3185; x_wconf 89' lang='lat' dir='ltr'><strong>corpus</strong></span> 
     </span>
     <span class='ocr_line' id='line_1_26' title="bbox 210 3208 1318 3299; baseline 0.005 -29"><span class='ocrx_word' id='word_1_220' title='bbox 210 3208 307 3271; x_wconf 66' lang='lat' dir='ltr'><strong>aaran</strong></span> <span class='ocrx_word' id='word_1_221' title='bbox 328 3216 360 3271; x_wconf 88' lang='lat' dir='ltr'><strong>et</strong></span> <span class='ocrx_word' id='word_1_222' title='bbox 383 3230 493 3299; x_wconf 84' lang='lat' dir='ltr'><strong>corpus</strong></span> <span class='ocrx_word' id='word_1_223' title='bbox 516 3218 638 3288; x_wconf 80' lang='lat' dir='ltr'><strong>motam,</strong></span> <span class='ocrx_word' id='word_1_224' title='bbox 662 3208 747 3293; x_wconf 90' lang='lat' dir='ltr'><strong>quod</strong></span> <span class='ocrx_word' id='word_1_225' title='bbox 773 3217 893 3273; x_wconf 91' lang='lat' dir='ltr'><strong>motum</strong></span> <span class='ocrx_word' id='word_1_226' title='bbox 917 3219 1056 3274; x_wconf 89' lang='lat' dir='ltr'><strong>movetur</strong></span> <span class='ocrx_word' id='word_1_227' title='bbox 1077 3209 1116 3273; x_wconf 91' lang='lat' dir='ltr'><strong>ab</strong></span> <span class='ocrx_word' id='word_1_228' title='bbox 1142 3211 1318 3291; x_wconf 86' lang='lat' dir='ltr'><strong>extrinseco,</strong></span> 
     </span>
     <span class='ocr_line' id='line_1_27' title="bbox 210 3318 1317 3406; baseline 0.005 -25"><span class='ocrx_word' id='word_1_229' title='bbox 210 3318 312 3383; x_wconf 81' lang='lat' dir='ltr'><strong>vivum</strong></span> <span class='ocrx_word' id='word_1_230' title='bbox 327 3341 398 3385; x_wconf 87' lang='lat' dir='ltr'><strong>vero</strong></span> <span class='ocrx_word' id='word_1_231' title='bbox 419 3320 459 3384; x_wconf 91' lang='lat' dir='ltr'><strong>ab</strong></span> <span class='ocrx_word' id='word_1_232' title='bbox 481 3320 657 3387; x_wconf 87' lang='lat' dir='ltr'><strong>intrinseco.</strong></span> <span class='ocrx_word' id='word_1_233' title='bbox 704 3320 749 3384; x_wconf 91' lang='lat' dir='ltr'><strong>Ut</strong></span> <span class='ocrx_word' id='word_1_234' title='bbox 772 3329 876 3385; x_wconf 91' lang='lat' dir='ltr'><strong>autem</strong></span> <span class='ocrx_word' id='word_1_235' title='bbox 898 3343 1009 3406; x_wconf 87' lang='lat' dir='ltr'><strong>corpus</strong></span> <span class='ocrx_word' id='word_1_236' title='bbox 1031 3331 1187 3387; x_wconf 89' lang='lat' dir='ltr'><strong>moveatur</strong></span> <span class='ocrx_word' id='word_1_237' title='bbox 1208 3322 1247 3387; x_wconf 92' lang='lat' dir='ltr'><strong>ab</strong></span> <span class='ocrx_word' id='word_1_238' title='bbox 1269 3324 1317 3386; x_wconf 91' lang='lat' dir='ltr'><strong>in-</strong></span> 
     </span>
     <span class='ocr_line' id='line_1_28' title="bbox 209 3428 1316 3518; baseline 0.007 -27"><span class='ocrx_word' id='word_1_239' title='bbox 209 3428 352 3509; x_wconf 86' lang='lat' dir='ltr'><strong>trinseco,</strong></span> <span class='ocrx_word' id='word_1_240' title='bbox 368 3453 432 3495; x_wconf 90' lang='lat' dir='ltr'><strong>non</strong></span> <span class='ocrx_word' id='word_1_241' title='bbox 453 3430 547 3495; x_wconf 90' lang='lat' dir='ltr'><strong>habet</strong></span> <span class='ocrx_word' id='word_1_242' title='bbox 567 3454 606 3498; x_wconf 84' lang='lat' dir='ltr'><strong>ex</strong></span> <span class='ocrx_word' id='word_1_243' title='bbox 622 3453 679 3495; x_wconf 86' lang='lat' dir='ltr'><strong>suo</strong></span> <span class='ocrx_word' id='word_1_244' title='bbox 699 3454 765 3495; x_wconf 88' lang='lat' dir='ltr'><strong>esse</strong></span> <span class='ocrx_word' id='word_1_245' title='bbox 780 3433 925 3516; x_wconf 83' lang='lat' dir='ltr'><strong>corporis,</strong></span> <span class='ocrx_word' id='word_1_246' title='bbox 942 3455 1037 3518; x_wconf 88' lang='lat' dir='ltr'><strong>quum</strong></span> <span class='ocrx_word' id='word_1_247' title='bbox 1053 3442 1089 3497; x_wconf 90' lang='lat' dir='ltr'><strong>ut</strong></span> <span class='ocrx_word' id='word_1_248' title='bbox 1105 3433 1165 3497; x_wconf 89' lang='lat' dir='ltr'><strong>tale</strong></span> <span class='ocrx_word' id='word_1_249' title='bbox 1180 3434 1219 3498; x_wconf 85' lang='lat' dir='ltr'><strong>sit</strong></span> <span class='ocrx_word' id='word_1_250' title='bbox 1234 3434 1316 3499; x_wconf 89' lang='lat' dir='ltr'><strong>iners</strong></span> 
     </span>
     <span class='ocr_line' id='line_1_29' title="bbox 209 3542 1317 3631; baseline 0.004 -25"><span class='ocrx_word' id='word_1_251' title='bbox 209 3542 311 3627; x_wconf 89' lang='lat' dir='ltr'><strong>quoad</strong></span> <span class='ocrx_word' id='word_1_252' title='bbox 336 3565 379 3623; x_wconf 88' lang='lat' dir='ltr'><strong>se,</strong></span> <span class='ocrx_word' id='word_1_253' title='bbox 398 3552 436 3607; x_wconf 91' lang='lat' dir='ltr'><strong>ut</strong></span> <span class='ocrx_word' id='word_1_254' title='bbox 463 3566 557 3628; x_wconf 90' lang='lat' dir='ltr'><strong>supra</strong></span> <span class='ocrx_word' id='word_1_255' title='bbox 578 3543 722 3611; x_wconf 86' lang='lat' dir='ltr'><strong>habiturn</strong></span> <span class='ocrx_word' id='word_1_256' title='bbox 748 3552 815 3621; x_wconf 81' lang='lat' dir='ltr'><strong>est3</strong></span> <span class='ocrx_word' id='word_1_257' title='bbox 837 3543 927 3610; x_wconf 88' lang='lat' dir='ltr'><strong>debet</strong></span> <span class='ocrx_word' id='word_1_258' title='bbox 950 3566 1033 3628; x_wconf 81' lang='lat' dir='ltr'><strong>ergo,</strong></span> <span class='ocrx_word' id='word_1_259' title='bbox 1050 3543 1125 3609; x_wconf 91' lang='lat' dir='ltr'><strong>dum</strong></span> <span class='ocrx_word' id='word_1_260' title='bbox 1149 3568 1258 3631; x_wconf 91' lang='lat' dir='ltr'><strong>corpus</strong></span> <span class='ocrx_word' id='word_1_261' title='bbox 1281 3547 1317 3611; x_wconf 92' lang='lat' dir='ltr'><strong>fit</strong></span> 
     </span>
     <span class='ocr_line' id='line_1_30' title="bbox 209 3655 1316 3743; baseline 0.004 -24"><span class='ocrx_word' id='word_1_262' title='bbox 209 3655 322 3736; x_wconf 83' lang='lat' dir='ltr'><strong>vivum,</strong></span> <span class='ocrx_word' id='word_1_263' title='bbox 338 3655 410 3719; x_wconf 92' lang='lat' dir='ltr'><strong>addi</strong></span> <span class='ocrx_word' id='word_1_264' title='bbox 425 3680 504 3724; x_wconf 85' lang='lat' dir='ltr'><strong>nova</strong></span> <span class='ocrx_word' id='word_1_265' title='bbox 518 3657 573 3738; x_wconf 86' lang='lat' dir='ltr'><strong>vis,</strong></span> <span class='ocrx_word' id='word_1_266' title='bbox 589 3680 651 3743; x_wconf 91' lang='lat' dir='ltr'><strong>qua</strong></span> <span class='ocrx_word' id='word_1_267' title='bbox 665 3657 751 3742; x_wconf 84' lang='lat' dir='ltr'><strong>prius</strong></span> <span class='ocrx_word' id='word_1_268' title='bbox 766 3655 898 3736; x_wconf 89' lang='lat' dir='ltr'><strong>carebat,</strong></span> <span class='ocrx_word' id='word_1_269' title='bbox 913 3663 949 3720; x_wconf 93' lang='lat' dir='ltr'><strong>ut</strong></span> <span class='ocrx_word' id='word_1_270' title='bbox 965 3657 1003 3721; x_wconf 90' lang='lat' dir='ltr'><strong>ab</strong></span> <span class='ocrx_word' id='word_1_271' title='bbox 1018 3657 1184 3723; x_wconf 85' lang='lat' dir='ltr'><strong>intrinseco</strong></span> <span class='ocrx_word' id='word_1_272' title='bbox 1202 3658 1316 3723; x_wconf 89' lang='lat' dir='ltr'><strong>moveri</strong></span> 
     </span>
     <span class='ocr_line' id='line_1_31' title="bbox 172 3747 1316 3854; baseline 0.002 -23"><span class='ocrx_word' id='word_1_273' title='bbox 172 3747 177 3756; x_wconf 36' lang='lat'>⁵</span> <span class='ocrx_word' id='word_1_274' title='bbox 207 3768 316 3852; x_wconf 88' lang='lat' dir='ltr'><strong>possit.</strong></span> <span class='ocrx_word' id='word_1_275' title='bbox 362 3768 442 3832; x_wconf 87' lang='lat' dir='ltr'><strong>Haec</strong></span> <span class='ocrx_word' id='word_1_276' title='bbox 464 3769 562 3854; x_wconf 86' lang='lat' dir='ltr'><strong>igitur</strong></span> <span class='ocrx_word' id='word_1_277' title='bbox 585 3769 725 3834; x_wconf 80' lang='lat' dir='ltr'><strong>novaris</strong></span> <span class='ocrx_word' id='word_1_278' title='bbox 747 3775 794 3832; x_wconf 90' lang='lat' dir='ltr'><strong>est</strong></span> <span class='ocrx_word' id='word_1_279' title='bbox 822 3767 889 3852; x_wconf 92' lang='lat' dir='ltr'><strong>ipsa</strong></span> <span class='ocrx_word' id='word_1_280' title='bbox 912 3768 1023 3847; x_wconf 89' lang='lat' dir='ltr'><strong>anima,</strong></span> <span class='ocrx_word' id='word_1_281' title='bbox 1039 3790 1108 3853; x_wconf 85' lang='lat' dir='ltr'><strong>quae</strong></span> <span class='ocrx_word' id='word_1_282' title='bbox 1126 3769 1259 3853; x_wconf 90' lang='lat' dir='ltr'><strong>applicat</strong></span> <span class='ocrx_word' id='word_1_283' title='bbox 1284 3790 1316 3833; x_wconf 89' lang='lat' dir='ltr'><strong>se</strong></span> 
     </span>
     <span class='ocr_line' id='line_1_32' title="bbox 209 3878 1315 3965; baseline 0.002 -22"><span class='ocrx_word' id='word_1_284' title='bbox 209 3880 321 3944; x_wconf 89' lang='lat' dir='ltr'><strong>centris</strong></span> <span class='ocrx_word' id='word_1_285' title='bbox 350 3880 572 3946; x_wconf 89' lang='lat' dir='ltr'><strong>elementorum</strong></span> <span class='ocrx_word' id='word_1_286' title='bbox 603 3879 789 3965; x_wconf 84' lang='lat' dir='ltr'><strong>simplicium</strong></span> <span class='ocrx_word' id='word_1_287' title='bbox 820 3878 954 3963; x_wconf 88' lang='lat' dir='ltr'><strong>corporis</strong></span> <span class='ocrx_word' id='word_1_288' title='bbox 984 3878 1017 3943; x_wconf 92' lang='lat' dir='ltr'><strong>iu</strong></span> <span class='ocrx_word' id='word_1_289' title='bbox 1053 3880 1192 3963; x_wconf 90' lang='lat' dir='ltr'><strong>potentia</strong></span> <span class='ocrx_word' id='word_1_290' title='bbox 1220 3881 1315 3945; x_wconf 86' lang='lat' dir='ltr'><strong>vitam</strong></span> 
     </span>
     <span class='ocr_line' id='line_1_33' title="bbox 209 3990 1315 4077; baseline 0.002 -22"><span class='ocrx_word' id='word_1_291' title='bbox 209 3990 360 4071; x_wconf 87' lang='lat' dir='ltr'><strong>habentis,</strong></span> <span class='ocrx_word' id='word_1_292' title='bbox 375 3991 475 4076; x_wconf 89' lang='lat' dir='ltr'><strong>iisque</strong></span> <span class='ocrx_word' id='word_1_293' title='bbox 497 4015 608 4058; x_wconf 86' lang='lat' dir='ltr'><strong>novam</strong></span> <span class='ocrx_word' id='word_1_294' title='bbox 631 3991 744 4075; x_wconf 84' lang='lat' dir='ltr'><strong>agendi</strong></span> <span class='ocrx_word' id='word_1_295' title='bbox 766 3998 951 4075; x_wconf 85' lang='lat' dir='ltr'><strong>potestatem</strong></span> <span class='ocrx_word' id='word_1_296' title='bbox 977 3990 1097 4071; x_wconf 90' lang='lat' dir='ltr'><strong>tribuit,</strong></span> <span class='ocrx_word' id='word_1_297' title='bbox 1113 4013 1174 4076; x_wconf 88' lang='lat' dir='ltr'><strong>qua</strong></span> <span class='ocrx_word' id='word_1_298' title='bbox 1196 3993 1315 4077; x_wconf 89' lang='lat' dir='ltr'><strong>perfici·</strong></span> 
     </span>
     <span class='ocr_line' id='line_1_34' title="bbox 209 4103 1314 4189; baseline 0.004 -22"><span class='ocrx_word' id='word_1_299' title='bbox 209 4113 300 4168; x_wconf 92' lang='lat' dir='ltr'><strong>antur</strong></span> <span class='ocrx_word' id='word_1_300' title='bbox 314 4126 407 4188; x_wconf 90' lang='lat' dir='ltr'><strong>opera</strong></span> <span class='ocrx_word' id='word_1_301' title='bbox 421 4104 500 4169; x_wconf 86' lang='lat' dir='ltr'><strong>vitae.</strong></span> <span class='ocrx_word' id='word_1_302' title='bbox 548 4104 609 4169; x_wconf 83' lang='lat' dir='ltr'><strong>Sed</strong></span> <span class='ocrx_word' id='word_1_303' title='bbox 625 4104 663 4168; x_wconf 90' lang='lat' dir='ltr'><strong>de</strong></span> <span class='ocrx_word' id='word_1_304' title='bbox 677 4104 735 4168; x_wconf 89' lang='lat' dir='ltr'><strong>hoc</strong></span> <span class='ocrx_word' id='word_1_305' title='bbox 750 4104 896 4189; x_wconf 88' lang='lat' dir='ltr'><strong>mysterio</strong></span> <span class='ocrx_word' id='word_1_306' title='bbox 911 4125 1008 4187; x_wconf 90' lang='lat' dir='ltr'><strong>pauca</strong></span> <span class='ocrx_word' id='word_1_307' title='bbox 1022 4103 1160 4169; x_wconf 90' lang='lat' dir='ltr'><strong>innuisse</strong></span> <span class='ocrx_word' id='word_1_308' title='bbox 1175 4106 1314 4183; x_wconf 87' lang='lat' dir='ltr'><strong>sufficiat.</strong></span> 
     </span>
    </p>

    <p class='ocr_par' dir='ltr' id='par_1_4' title="bbox 208 4214 1314 4413">
     <span class='ocr_line' id='line_1_35' title="bbox 251 4214 1314 4299; baseline 0.003 -21"><span class='ocrx_word' id='word_1_309' title='bbox 251 4217 302 4278; x_wconf 83' lang='lat'><strong>62.</strong></span> <span class='ocrx_word' id='word_1_310' title='bbox 328 4214 421 4279; x_wconf 91' lang='lat' dir='ltr'><strong>Nunc</strong></span> <span class='ocrx_word' id='word_1_311' title='bbox 436 4215 552 4299; x_wconf 89' lang='lat' dir='ltr'><strong>aliquid</strong></span> <span class='ocrx_word' id='word_1_312' title='bbox 567 4214 717 4279; x_wconf 90' lang='lat' dir='ltr'><strong>addamus</strong></span> <span class='ocrx_word' id='word_1_313' title='bbox 731 4214 886 4297; x_wconf 88' lang='lat' dir='ltr'><strong>opinative</strong></span> <span class='ocrx_word' id='word_1_314' title='bbox 901 4214 939 4278; x_wconf 90' lang='lat' dir='ltr'><strong>de</strong></span> <span class='ocrx_word' id='word_1_315' title='bbox 959 4215 1143 4281; x_wconf 86' lang='lat' dir='ltr'><strong>animalibus</strong></span> <span class='ocrx_word' id='word_1_316' title='bbox 1162 4216 1262 4281; x_wconf 88' lang='lat' dir='ltr'><strong>brutis</strong></span> <span class='ocrx_word' id='word_1_317' title='bbox 1284 4227 1314 4282; x_wconf 90' lang='lat' dir='ltr'><strong>et</strong></span> 
     </span>
     <span class='ocr_line' id='line_1_36' title="bbox 208 4324 1314 4413; baseline 0.004 -24"><span class='ocrx_word' id='word_1_318' title='bbox 208 4324 247 4389; x_wconf 90' lang='lat' dir='ltr'><strong>de</strong></span> <span class='ocrx_word' id='word_1_319' title='bbox 260 4326 379 4391; x_wconf 89' lang='lat' dir='ltr'><strong>naturis</strong></span> <span class='ocrx_word' id='word_1_320' title='bbox 394 4326 626 4411; x_wconf 83' lang='lat' dir='ltr'><strong>vegetabilibus.</strong></span> <span class='ocrx_word' id='word_1_321' title='bbox 671 4326 717 4389; x_wconf 80' lang='lat' dir='ltr'>le</span> <span class='ocrx_word' id='word_1_322' title='bbox 732 4326 822 4390; x_wconf 89' lang='lat' dir='ltr'><strong>dictis</strong></span> <span class='ocrx_word' id='word_1_323' title='bbox 838 4326 875 4390; x_wconf 90' lang='lat' dir='ltr'><strong>de</strong></span> <span class='ocrx_word' id='word_1_324' title='bbox 896 4326 998 4391; x_wconf 87' lang='lat' dir='ltr'><strong>anima</strong></span> <span class='ocrx_word' id='word_1_325' title='bbox 1019 4328 1159 4393; x_wconf 88' lang='lat' dir='ltr'><strong>rationali</strong></span> <span class='ocrx_word' id='word_1_326' title='bbox 1179 4338 1314 4413; x_wconf 90' lang='lat' dir='ltr'><strong>apparet,</strong></span> 
     </span>
    </p>
   </div>
   <div class='ocr_carea' id='block_1_3' title="bbox 0 0 1604 4984">
    <p class='ocr_par' dir='ltr' id='par_1_5' title="bbox 0 0 1604 4984">
     <span class='ocr_line' id='line_1_37' title="bbox 0 0 1604 4984; baseline 0 7"><span class='ocrx_word' id='word_1_327' title='bbox 0 0 1604 4984; x_wconf 95' lang='lat' dir='ltr'><strong> </strong></span> 
     </span>
    </p>
   </div>
  </div>
 </body>
</html>
