3200 4984
218 398 292 443 osc.
310 378 350 461 n]
552 398 597 442 ns
613 399 813 443 suessanum
829 394 1009 446 consonas.
1282 380 1324 443 83

217 568 375 645 quantam,
390 570 422 625 et
436 572 658 648 consequenter
672 564 719 628 vel
735 563 918 628 divisibilem
941 564 973 627 in
995 560 1163 641 infinitum,
1178 562 1226 626 vel
1247 560 1323 625 divi·

217 671 337 737 sibilem
352 672 449 738 donec
463 676 591 739 materia
604 675 690 739 fieret
701 676 888 741 insufficiens
899 676 938 741 ad
950 674 1181 739 sustentandam
1192 674 1322 738 formam

216 783 385 867 quamlibet
405 785 587 851 naturalem.
633 786 696 864 Qui
711 808 782 851 vero
805 785 1040 851 continuitatem
1055 806 1217 871 corporum
1232 791 1321 849 tenu·

215 904 309 960 erunt
322 916 386 961 non
399 918 465 961 esse
479 897 541 961 nisi
554 897 723 978 relativam,
739 920 795 964 seu
809 898 984 963 sensibilem
1000 908 1031 963 et
1050 895 1321 983 phaenomenicam,

216 1007 359 1075 dixerunt
377 1009 628 1091 divisibilium,
643 1011 724 1076 sicut
742 1022 775 1077 et
796 1011 1011 1097 quantitatem,
1028 1033 1093 1075 non
1112 1032 1177 1076 esse
1195 1010 1321 1075 essenti·

216 1120 296 1186 alem
309 1122 465 1188 materiae:
488 1132 520 1188 et
533 1132 703 1208 posuerunt
717 1146 845 1209 corpora
860 1134 998 1189 constare
1012 1146 1102 1209 posse
1117 1132 1148 1188 et
1162 1122 1271 1188 debere
1285 1144 1322 1187 ex

216 1232 376 1298 elementis
389 1234 516 1299 omnino
538 1234 717 1314 martensis,
731 1244 764 1299 et
785 1235 1001 1302 mathematice
1021 1233 1234 1313 discontinuis,
1250 1232 1321 1297 licet

216 1344 400 1409 sensibiliter
414 1345 580 1411 continuis.

259 1459 290 1521 5.
315 1456 496 1523 Substantia
516 1457 635 1523 habens
654 1467 717 1524 tres
739 1458 941 1544 proprietates
961 1457 1133 1544 predictas,
1153 1457 1186 1522 id
1204 1466 1252 1521 est
1271 1457 1319 1520 in-

214 1569 334 1649 ertiam,
349 1569 536 1635 activitatem
559 1568 598 1637 ad
619 1578 714 1650 extra,
729 1580 761 1635 et
782 1569 1033 1649 divisibilitatem,
1048 1569 1142 1635 habet
1164 1568 1320 1634 evidenter

214 1680 369 1768 duplicem
383 1683 654 1768 compositionem:
677 1682 816 1757 videlieet
827 1684 1018 1749 entitativam
1030 1692 1061 1747 et
1073 1682 1317 1769 quantitativum.

214 1795 405 1880 Compositio
426 1796 586 1861 entitativa
606 1805 653 1860 est
674 1819 711 1861 ex
733 1796 870 1881 potentia
892 1806 923 1861 et
945 1807 1027 1875 actu,
1042 1818 1111 1882 que
1128 1804 1202 1859 sunt
1216 1804 1319 1879 partes

213 1907 442 1995 metaphysica,
463 1917 495 1973 et
524 1907 670 1973 dicuntur
699 1917 801 1994 partes
832 1911 1039 1973 cantitamus
1061 1907 1223 1973 essentiam
1246 1905 1319 1969 sub-

213 2020 336 2084 stantia
352 2020 386 2084 in
406 2020 575 2085 communi.
621 2020 811 2107 Compositio
832 2020 1037 2105 quantitative
1056 2029 1103 2084 est
1123 2018 1319 2104 expertibus

214 2131 467 2196 substantialibus
485 2132 622 2219 physicis
642 2131 677 2197 in
694 2155 728 2196 se
744 2132 956 2212 existentibus,
971 2154 1043 2217 quae
1058 2131 1203 2197 dicuntur
1216 2140 1320 2215 partes

213 2246 394 2327 inteproates
407 2253 509 2310 totum
523 2244 735 2310 substantiale.
781 2244 964 2309 Notandum
983 2253 1086 2308 autem
1104 2252 1161 2321 est,
1177 2241 1318 2306 substan-

214 2357 290 2420 tiam
308 2378 483 2441 corpoream
503 2378 592 2442 posse
609 2355 766 2421 continere
786 2365 888 2441 partes
908 2356 1099 2439 integrantes
1118 2354 1167 2419 vel
1184 2352 1319 2437 rigorose

214 2468 429 2553 bomogeneas,
444 2491 499 2533 seu
520 2469 657 2534 eiusdem
680 2470 822 2533 essentiae
845 2490 880 2532 ac
902 2466 1013 2553 speciei
1035 2467 1158 2546 iniimae,
1173 2466 1220 2530 vel
1242 2486 1318 2550 quo·

213 2603 345 2667 cumque
359 2580 451 2645 modo
464 2582 690 2666 heterogeneas,
703 2603 758 2647 seu
772 2582 961 2646 diversarum
976 2580 1153 2666 specierum.
1187 2578 1320 2655 Quando

213 2702 315 2778 partes
337 2692 527 2777 integrantes
551 2693 659 2758 datum
683 2715 796 2778 corpus
819 2702 892 2758 sunt
917 2714 1024 2757 omnes
1048 2690 1184 2757 eiusdem
1208 2690 1319 2775 speciei

213 2806 356 2889 rigorose,
367 2804 492 2869 evidens
505 2794 563 2885 est,
573 2828 623 2869 eas
638 2828 704 2871 esse
713 2828 790 2890 pure
805 2808 995 2891 intepraates,
1005 2828 1102 2891 quum
1118 2827 1181 2869 non
1190 2804 1318 2869 afferant

212 2916 329 3000 aliquid
342 2916 414 2980 novi
428 2916 630 2996 constitutivi,
647 2917 700 2982 sed
715 2904 837 2981 tantuin
854 2917 1067 3004 repetitionem
1088 2916 1224 2982 eiusdem
1244 2938 1316 2979 con-

213 3027 325 3107 stituti,
344 3006 402 3092 'seu
424 3027 559 3093 eiusdem
582 3038 702 3093 naturae
723 3029 881 3115 specificae,
908 3029 1077 3094 secundum
1103 3028 1248 3093 maiorem
1271 3027 1317 3092 vel

213 3141 362 3205 minorem
380 3141 594 3226 quantitatem.
641 3140 773 3217 Quando
794 3125 900 3208 autem
919 3150 1022 3226 partes
1037 3142 1227 3227 integrantes
1243 3146 1317 3203 sunt

212 3253 431 3337 heterogeneae,
446 3261 522 3318 tunc
544 3252 700 3317 evidenter
721 3253 854 3318 afferunt
876 3277 970 3319 novas
989 3252 1176 3319 differentias
1190 3252 1229 3317 ad
1245 3274 1318 3317 eon·

213 3363 405 3427 stitutionem
419 3384 506 3428 novae
519 3370 638 3427 naturae
652 3363 799 3448 specifice
813 3364 1006 3449 conrpositae3
1030 3374 1061 3429 et
1075 3374 1150 3429 tunc
1164 3384 1229 3428 non
1244 3371 1316 3427 sunt

213 3494 289 3560 pure
309 3475 506 3559 integrantes,
523 3474 577 3539 sed
596 3474 689 3538 etiam
711 3476 943 3556 constituentes,
967 3477 999 3540 in
1017 3476 1124 3540 ordine
1147 3475 1253 3539 saltem
1277 3473 1317 3537 ad

214 3596 356 3651 naturam
370 3610 407 3650 ex
422 3587 496 3672 ipsis
511 3587 721 3651 resultantem.

258 3699 341 3762 Hine
355 3698 502 3782 sequitur.
530 3700 562 3760 1⁰
582 3708 683 3782 partes
695 3722 773 3783 pure
795 3680 1002 3765 constituentes
1023 3723 1085 3764 non
1105 3722 1194 3784 posse
1216 3700 1254 3763 ab
1269 3699 1316 3762 in·

213 3811 310 3874 vicem
325 3810 465 3894 separari,
481 3809 558 3894 quin
572 3810 699 3875 omnino
714 3820 819 3896 pereat
835 3811 1015 3876 substantia.
1055 3816 1090 3876 2⁰
1104 3822 1205 3896 partes
1221 3811 1316 3895 speci·

213 3924 295 4001 ficas,
311 3944 365 3987 seu
379 3923 468 3986 umal
480 3922 689 3987 emutituentes
703 3932 732 3988 et
746 3926 936 4009 intepretatus,
951 3946 1015 3986 non
1030 3945 1119 4008 posse
1135 3923 1172 3986 ab
1189 3924 1316 3986 invicem

214 4035 358 4120 separari,
372 4034 448 4119 quin
462 4042 565 4118 pereat
579 4035 658 4097 ratio
672 4036 810 4119 specifica
827 4036 898 4099 talis
914 4034 1095 4099 substantiae
1110 4057 1164 4098 seu
1179 4042 1295 4098 naturae
1307 4060 1316 4113 ;

214 4168 303 4231 posse
323 4154 426 4209 tamen
438 4146 587 4229 separari,
601 4146 678 4231 quin
698 4156 801 4231 pereat
822 4128 921 4211 omnis¹
939 4146 1120 4211 substantia.
1165 4149 1206 4210 30'
1215 4155 1317 4231 partes

206 4281 286 4341 pare
313 4259 492 4337 iateyroates
520 4258 653 4341 separari
682 4280 780 4343 posse,
811 4259 887 4343 quin
917 4258 1089 4322 substantia
1118 4267 1255 4322 mutetur
1284 4260 1317 4322 in

214 4369 331 4433 ratione
346 4366 485 4453 specifica
499 4368 689 4433 substantiae.
909 4370 912 4377 “
1145 4372 1149 4377 ’

1089 4487 1144 4546 o2
