3200 4984
561 394 678 439 aaran
694 393 928 440 unaunauron.
1282 374 1303 434 3

198 561 318 630 nalea*.
372 561 424 626 Ad
452 561 516 626 haec
546 559 608 626 duo
636 559 724 626 facile
752 558 943 624 reducuntur
970 578 1078 622 omnes
1102 556 1303 642 proprietates

197 695 360 758 corporum
381 671 472 738 nobie
497 670 638 757 cognita,
665 679 789 756 excepta
813 670 995 756 quantitate,
1022 690 1090 753 qua
1110 690 1174 734 non
1196 677 1243 734 eat
1265 669 1303 735 de

198 784 315 848 ratione
330 783 509 848 substantie
526 781 691 850 materialis
709 791 746 848 ut,
757 783 811 861 eie,
826 781 881 846 aed
900 789 934 847 ut
951 780 1136 864 compositae,
1152 781 1299 866 quemad·

197 896 326 960 modurn
347 895 427 960 infra
449 894 618 981 apparebit,
634 903 665 960 et
686 893 748 960 late
769 893 950 979 probabitur
963 892 997 958 in
1011 899 1145 958 tractatu
1167 892 1206 957 de
1227 893 1300 958 anb-

198 1006 312 1070 stantia
323 1003 476 1092 corporea.
1031 986 1034 992 ⁵

241 1119 273 1182 6.
295 1118 427 1182 Duobus
441 1117 537 1202 igitur
552 1116 710 1202 principiis
730 1115 895 1184 intrinsece
916 1114 1114 1183 constituitur
1131 1113 1303 1179 substantia

198 1229 372 1309 materialia,
393 1239 429 1294 ct
449 1231 510 1295 aie:
533 1250 597 1292 uno
618 1229 725 1308 activo,
748 1227 832 1312 quod
853 1226 946 1292 habet
967 1226 1117 1292 rationem
1142 1246 1241 1290 cauare
1262 1225 1302 1290 ad

196 1348 291 1419 extra,
306 1339 503 1424 producendo
526 1348 655 1419 motum,
670 1338 765 1406 altero
787 1337 916 1425 paaaivo,
933 1337 1018 1423 quod
1037 1336 1131 1402 habet
1151 1336 1301 1402 rationem

197 1450 362 1516 terminiin
370 1473 433 1537 quo
441 1450 587 1536 recipitur
595 1459 698 1518 motus
707 1449 746 1519 ab
755 1455 840 1516 extra
849 1457 1001 1515 eauaatua.
1032 1449 1116 1513 Hine
1126 1449 1158 1512 S.
1168 1448 1301 1515 Thomas

197 1584 228 1647 p.
242 1566 272 1627 1.
288 1585 319 1648 q.
336 1566 410 1628 115.
426 1585 452 1627 a.
471 1566 510 1642 l.,
527 1561 581 1627 ubi
595 1562 705 1647 quaerit
719 1569 826 1626 utrum
841 1561 965 1647 aliquod
978 1581 1089 1646 corpur
1104 1560 1144 1624 ait
1158 1561 1300 1640 activum,

198 1673 287 1738 docet
298 1696 433 1759 corpora,
446 1696 482 1738 eo
497 1673 581 1759 quod
597 1695 634 1738 ex
651 1673 789 1758 potentia
803 1681 835 1736 et
849 1681 922 1737 actu
935 1680 1169 1757 componantur,
1184 1694 1250 1738 ease
1269 1681 1301 1736 et

197 1786 316 1870 passiva
330 1794 360 1851 et
374 1786 481 1865 activa,
496 1795 527 1852 et
542 1783 698 1850 concludit
713 1785 797 1870 quod
811 1806 916 1868 corpur
927 1786 991 1868 cpit
1004 1785 1160 1848 aeneadum
1171 1785 1250 1868 qaod
1258 1793 1303 1850 eet
1390 1814 1392 1819 ·

196 1899 230 1961 io
243 1906 322 1977 aeta,
337 1900 369 1961 in
383 1897 468 1962 aliud
479 1919 585 1980 empne
598 1897 753 1960 seeundum
767 1896 847 1980 qnod
858 1905 903 1960 cat
917 1898 949 1959 in
957 1898 1104 1980 potentia.

241 2009 353 2074 Tribus
374 2007 526 2093 capitibus
545 2007 757 2074 tractationem
777 2007 857 2076 hanc
872 2006 1127 2091 complectemur:
1151 2006 1185 2070 in
1200 2005 1301 2090 primo

197 2143 325 2206 agemus
340 2120 378 2185 de
392 2119 542 2205 principio
557 2128 689 2204 utroque
708 2118 881 2198 coniuncto,
896 2127 990 2202 prout
1013 2117 1045 2183 in
1067 2140 1170 2182 rernm
1192 2126 1302 2184 natura

197 2232 321 2298 existit:
342 2232 376 2296 in
406 2230 541 2296 recundo
570 2230 609 2296 de
637 2238 769 2315 utroque
798 2229 1006 2315 metaphyaioe
1034 2229 1246 2295 considerato:
1268 2229 1301 2294 in

197 2343 290 2408 tertio
305 2342 343 2412 de
357 2342 405 2421 iic,
420 2365 490 2429 qum
505 2341 543 2408 ab
558 2341 719 2428 utriusque
733 2340 878 2426 principii
889 2340 1014 2412 notione
1029 2340 1214 2426 dependent.

656 2716 796 2782 carun
819 2717 847 2782 1.
926 2805 928 2808 Α

315 2911 367 2966 DE
382 2909 592 2968 PRINOIPIIS
609 2909 751 2968 AG'l'IVO
768 2909 817 2966 ΕΤ
834 2909 995 2966 Pnnswo
1013 2907 1183 2965 PHYSIOE

604 3003 891 3060 CONSIDERATIS.

244 3158 275 3220 7.
301 3153 459 3232 Quaeritur
490 3153 593 3238 itaque
625 3154 735 3238 primo,
768 3164 868 3219 atrum
897 3157 930 3218 in
961 3156 1126 3219 melantio
1157 3155 1305 3218 materiali

193 3268 375 3350 principiam
389 3269 516 3330 activum
524 3267 624 3349 poerit
638 3287 698 3329 esee
712 3268 775 3328 alne
789 3266 851 3329 ullo
860 3268 1011 3350 principio
1020 3268 1151 3349 paetico.

244 3376 426 3462 Respondet>
445 3376 597 3461 negative.
640 3377 682 3441 Et
701 3376 785 3441 ratio'
797 3385 855 3456 eat,
873 3378 946 3462 quia
962 3377 1149 3462 principium
1168 3377 1301 3442 activum

200 3488 356 3554 materiale
375 3487 535 3552 ordinatur
552 3487 592 3552 ad
609 3487 841 3573 producendum
862 3496 982 3552 motum
1001 3487 1130 3554 localem
1146 3495 1231 3553 extra
1251 3511 1283 3553 ee
1291 3514 1301 3568 3

199 3609 231 3665 et
245 3600 314 3665 ideo
328 3623 391 3666 non
410 3599 581 3684 concipitur
598 3600 786 3685 completum
800 3601 834 3664 in
849 3600 968 3665 ratione
984 3600 1056 3664 talia
1074 3600 1226 3685 principii,
1241 3600 1303 3664 niai

200 3712 311 3777 babeat
325 3711 449 3797 aliquod
464 3719 616 3791 centrum,
632 3733 668 3775 ex
683 3733 745 3796 quo
758 3711 858 3795 poaait
875 3710 1005 3796 dirigere
1020 3711 1169 3776 actionem
1184 3712 1218 3777 in
1233 3711 1302 3790 alia,

161 3813 164 3818 ¹
201 3833 233 3889 et
254 3822 336 3909 quod
359 3823 541 3888 determinet
563 3822 760 3887 directionem
781 3831 885 3888 motus
908 3845 927 3886 a
946 3845 978 3887 ae
997 3822 1217 3907 producibilis,
1239 3845 1303 3887 non

202 3936 283 4000 enim
297 3935 334 3999 fit
348 3934 458 4020 aliquia
472 3942 576 3999 motu·
590 3933 704 4013 localia,
720 3933 781 3998 nisi
794 3933 909 3999 mobile
923 3933 1051 4018 accipiat
1068 3934 1303 4000 determinatam

237 4115 252 4142 ⁴
270 4112 312 4168 De
323 4110 464 4171 activitctc
473 4109 632 4168 substantio
643 4111 792 4169 mamrialie
803 4110 862 4184 agit
872 4111 981 4168 Balmee
991 4113 1020 4168 in
1031 4112 1126 4170 mac
1132 4113 1301 4187 stadam

201 4197 242 4252 tit.
255 4214 282 4251 x.
295 4215 350 4268 cop.
363 4213 408 4251 xv.
416 4214 468 4266 per
480 4201 568 4250 totum.
601 4195 681 4252 Hanc
692 4201 785 4251 tamen
796 4196 967 4254 nativitatem
977 4198 1043 4253 licet
1054 4199 1183 4254 admittat
1192 4205 1303 4274 propter

201 4287 369 4341 comtantem
378 4282 573 4353 experientiam
580 4289 608 4338 et
617 4283 841 4353 observationem,
850 4291 933 4357 negat
941 4303 1019 4358 pocae
1028 4303 1076 4359 per
1087 4287 1301 4360 metaphysicam

201 4369 393 4428 demonstrari:
412 4369 441 4424 in
453 4385 507 4442 quo
519 4385 605 4425 errare
618 4370 735 4439 videtur,
748 4375 780 4424 ut
791 4387 826 4424 ex
837 4370 910 4426 infra
921 4371 1044 4428 dicendis
1055 4373 1201 4447 appruebit

1071 4473 1126 4534 ne
