3200 4984
207 418 277 463 one.
294 400 348 484 11.]
572 420 616 485 nu
631 414 750 465 rursus
766 418 957 463 connisum.
1248 395 1312 457 285

208 586 246 651 de
269 586 337 651 aliis
363 583 514 649 similibus
540 584 624 650 loeis.
669 586 719 650 Ad
743 610 900 651 summum
922 595 1035 663 autem,
1059 584 1099 649 ob
1123 583 1312 648 mutationes

208 697 328 763 futures
350 697 383 761 in
405 699 668 762 consummatione
688 698 801 776 'saeeuli,
823 698 948 762 ooneedi
968 705 1081 784 potest,
1102 706 1225 781 tempus
1247 717 1310 759 non

208 809 314 873 eodem
342 810 469 874 fortasse
495 819 581 875 motu
605 810 725 886 diurno,
748 832 782 874 ae
804 833 898 889 nune,
914 818 1123 875 mensuratum
1147 807 1205 872 iri:
1228 806 1311 893 quod

211 923 354 988 videntur
375 923 479 1009 plures
498 922 678 1007 interpretes
701 922 840 1001 sensisse,
855 923 928 987 lieet
949 923 1044 1007 aliqui
1061 921 1200 985 absolute
1220 941 1311 983 omne

212 1044 334 1121 tempus
357 1045 428 1121 post
450 1034 743 1099 consummationem
770 1034 808 1098 de
834 1035 935 1099 medio
953 1034 1073 1098 tollant.
1120 1032 1191 1111 Sed,
1214 1054 1309 1117 quum

212 1154 336 1231 tempus
351 1158 413 1209 non
429 1146 597 1209 necessario
612 1154 806 1209 mensuretur
819 1146 857 1209 ab
872 1146 931 1210 hoe
946 1156 1032 1209 motu
1047 1144 1257 1230 potiusquam
1272 1142 1311 1205 ab

210 1256 269 1321 alio
283 1258 398 1343 quovis,
413 1267 498 1342 patet
512 1257 699 1321 nullomodo
714 1257 780 1320 tolli
795 1258 1048 1342 permutationes
1063 1256 1223 1342 praedietss
1237 1277 1310 1319 oon-

210 1370 412 1433 tinustionem
429 1369 583 1452 temporis.
631 1368 702 1432 Huc
725 1368 829 1433 referri
849 1378 951 1454 potest
968 1369 1051 1454 quod
1072 1370 1115 1433 eit
1131 1369 1162 1432 S.
1179 1368 1312 1431 Thomas

210 1480 248 1545 de
263 1480 362 1545 tribus
377 1479 476 1544 modis
490 1478 657 1563 reeipiendi
671 1482 871 1545 eternitatem.
918 1480 999 1544 Nam
1021 1504 1079 1544 uno
1101 1480 1194 1557 modo,
1210 1478 1311 1563 inquit

212 1592 339 1676 (Opuse.
350 1594 403 1670 44,
417 1591 454 1655 de
470 1600 605 1675 tempore
619 1612 646 1655 e.
662 1592 695 1673 4)
713 1592 822 1655 dieitur
834 1594 983 1657 aeternitos
1000 1614 1134 1655 mensuro
1149 1591 1313 1654 durationis

209 1706 255 1767 rei
267 1726 379 1787 semper
392 1704 528 1767 similiter
541 1725 572 1766 se
587 1703 729 1781 lobonis
738 1704 816 1766 nilil
827 1705 1007 1787 requirentis
1021 1704 1053 1765 in
1060 1702 1178 1786 suturo,
1194 1710 1224 1765 et
1237 1702 1314 1764 nillil

210 1816 373 1879 amittentis
398 1816 431 1877 in
449 1816 622 1897 preterito:
656 1824 685 1877 et
710 1817 753 1878 sic
775 1817 980 1899 propriissime
1005 1817 1131 1878 sumitur
1153 1815 1309 1877 aetunitos.

212 1926 344 1991 Secundo
362 1925 450 1989 'modo
471 1926 578 1989 dieitur
600 1926 749 1988 selonites
771 1948 906 1989 merssuro
925 1926 1091 1989 durationis
1110 1927 1156 1988 rei
1176 1926 1312 1988 labentis

210 2060 271 2101 esse
278 2037 376 2122 finum
391 2044 420 2100 et
434 2038 547 2115 stabile,
562 2039 729 2119 recipientis
743 2044 841 2099 tomen
854 2040 931 2100 oiees
945 2040 977 2099 in
996 2038 1213 2121 operationibus
1225 2039 1288 2099 suis
1299 2065 1309 2099 .·

209 2160 239 2215 et
252 2151 400 2213 eternitas
413 2152 457 2213 sie
471 2156 589 2232 occepta
595 2152 717 2232 proprie
726 2150 834 2213 dicitnr
848 2174 958 2223 noun·
980 2166 1070 2213 orrum
1081 2151 1157 2213 enim
1172 2158 1217 2213 est
1231 2172 1309 2212 men-

103 2258 106 2263 ’
209 2284 281 2326 suro
294 2284 401 2339 eorum,
413 2283 535 2344 quorum
546 2282 607 2323 esse
617 2269 660 2324 est
674 2261 788 2339 stabile,
800 2284 864 2344 quo
873 2270 970 2325 tomen
984 2263 1090 2325 luben!
1103 2263 1310 2325 mecesnonern

209 2374 242 2435 in
257 2373 391 2455 operibus
404 2372 562 2448 senissimi
576 2371 782 2454 intellipentin.
832 2374 931 2436 Tertio
946 2374 1029 2437 modo
1041 2374 1149 2437 dieitur
1162 2376 1310 2437 selonites

209 2506 348 2547 mensuro
363 2484 526 2546 durationis
540 2486 706 2547 successione
720 2484 854 2548 ludentis
862 2486 951 2568 prins
970 2493 999 2548 et
1008 2487 1167 2569 posterius,
1183 2488 1310 2549 rorentis

210 2604 307 2659 tomen
315 2596 465 2679 principio
487 2602 516 2657 et
523 2594 597 2679 fine,
612 2594 660 2657 uel
679 2598 808 2659 rorentis
815 2596 880 2681 fine
898 2604 928 2661 et
943 2605 1040 2660 tumen
1054 2598 1187 2660 labentis
1194 2598 1309 2681 prinei·

203 2712 312 2791 pium;
336 2716 364 2771 et
386 2715 509 2789 utroque
529 2706 612 2770 modo
629 2708 755 2790 ponitur
776 2708 904 2772 mundus
921 2717 1055 2786 eronus,
1070 2711 1140 2773 lieet
1155 2711 1308 2773 secundum

208 2821 360 2884 ueritatem
374 2820 415 2882 sil
430 2818 618 2902 temporalis‚·
641 2826 670 2881 et
684 2820 741 2882 isto
755 2820 841 2883 modo
855 2822 1095 2904 impropriissime
1105 2822 1213 2885 dieitur
1226 2832 1309 2886 nln-

208 2934 310 3005 nitos;
333 2932 445 2994 rationi
457 2931 533 2993 enim
547 2931 721 2995 eternitatis
733 2942 878 3017 repupnot
885 2935 974 3017 prius
991 2941 1020 2996 et
1028 2936 1185 3017 posterius.
1233 2934 1308 2999 Haeo

207 3041 368 3106 edoctor:
391 3041 445 3105 sed
456 3040 537 3125 quis,
547 3041 631 3105 iuxta
639 3041 788 3127 principia
797 3044 932 3129 physion,
942 3067 1009 3130 quae
1017 3045 1090 3110 alibi
1101 3046 1307 3130 exposuimus,

206 3174 269 3216 non
285 3151 384 3217 solum
399 3151 619 3235 intelligentiis,
635 3152 688 3216 sed
710 3155 803 3218 etism
826 3155 998 3220 substantia
1018 3158 1183 3222 materialis
1204 3167 1240 3222 ut
1264 3159 1307 3223 sie

206 3274 253 3328 est
268 3261 516 3348 incorruptibilis,
533 3273 563 3327 et
585 3263 654 3327 ideo
677 3265 768 3329 babet
791 3290 852 3331 esse
859 3268 958 3353 finum
976 3278 1007 3333 et
1025 3270 1139 3347 stabile,
1155 3269 1223 3334 ideo
1238 3294 1306 3341 eva-

206 3374 303 3439 nescit
318 3373 351 3437 in
366 3374 518 3438 sententis
532 3384 637 3440 nostra
651 3377 808 3442 distinctio
822 3379 904 3443 inter
917 3403 1015 3445 sevum
1027 3391 1057 3445 et
1072 3390 1194 3466 tempus
1203 3382 1306 3445 infini-

206 3496 284 3565 tum,
294 3508 362 3570 quse
376 3508 394 3549 a
406 3485 438 3549 S.
448 3485 565 3549 Thomu
574 3488 716 3571 ponitur:
740 3498 770 3553 et
786 3500 888 3555 manet
899 3492 963 3555 sola
974 3492 1129 3557 distinmio
1139 3493 1308 3557 secundum

204 3597 398 3681 intelligibile
421 3606 452 3661 et
476 3598 627 3677 sensibile,
647 3600 681 3664 in
704 3611 853 3685 quantum
875 3612 978 3667 motus
997 3605 1099 3689 angeli
1122 3606 1157 3669 fit
1179 3627 1234 3690 per
1256 3608 1332 3669 ubir

205 3709 373 3795 spirituale,
388 3719 420 3773 et
444 3720 546 3774 motus
567 3712 700 3777 meteriae
721 3713 756 3776 fit
779 3735 833 3798 per
852 3716 904 3779 ubi
922 3716 1019 3781 loesle
1033 3718 1154 3802 proprie
1169 3716 1304 3783 dictum:

206 3821 289 3891 uude
309 3820 430 3886 duratio
450 3822 551 3906 angeli
569 3832 600 3887 et
620 3824 753 3908 eorporis
773 3847 837 3889 non
858 3827 990 3891 sumitur
1012 3828 1137 3893 univoce
1158 3830 1211 3893 sed
1234 3853 1307 3893 ana-

205 3934 315 4019 logias,
332 3942 367 3996 ut
383 3932 633 4016 supradiximus.

250 4046 303 4110 47.
328 4042 715 4125 Quaeriturdeeimotertio,
731 4056 835 4112 utrum
858 4052 918 4115 lue
934 4054 1019 4116 verbo
1043 4074 1130 4116 nuru
1153 4074 1309 4118 enarmo-

206 4176 279 4219 nnu
296 4156 422 4218 labeant
436 4154 563 4237 aliquem
577 4178 691 4221 sensum
701 4164 831 4222 oerum*

195 4303 196 4306 ’
240 4294 259 4330 ¹*
276 4288 310 4342 V.
324 4288 433 4342 lemes
447 4286 556 4359 (philos.
569 4288 645 4343 fund.
658 4288 704 4344 lib.
718 4290 763 4345 vii.
778 4308 800 4345 o.
811 4292 858 4364 10)
871 4291 918 4347 ubi
930 4295 1056 4365 praeelore
1068 4301 1167 4351 mactat
1178 4298 1307 4369 queestio·

207 4394 279 4443 nem,
291 4381 384 4429 utrum
396 4374 532 4430 destructo
542 4375 659 4445 quodem
671 4377 781 4446 mundo,
795 4384 823 4432 et
834 4379 888 4433 alio
900 4380 1026 4453 deinceps
1037 4389 1135 4451 creato,
1144 4388 1308 4441 censendum

208 4464 244 4517 sit
256 4462 366 4517 fluxisse
378 4462 423 4517 vel
435 4460 517 4515 fluere
530 4461 648 4533 potuisse
661 4468 767 4535 tempus
780 4465 890 4537 aliquod
901 4466 1099 4524 intermedium
