3200 4984
212 370 370 455 esu-111]
594 390 713 435 nrsuu
728 391 962 437 sxrussuruu.
1277 372 1319 437 73

211 560 353 647 partibus
373 558 517 643 corporis.
564 558 711 645 Sequitur
729 580 765 623 ex
783 580 819 623 eo
837 558 921 645 quod
941 558 982 623 sit
1002 557 1139 644 simplex.
1185 556 1247 623 Sed
1268 554 1319 625 hic

212 671 345 757 quaestio
359 671 426 735 fieri
439 662 553 757 potest,
569 679 675 735 utrum
691 670 795 735 anima
808 670 894 735 bruti
908 671 950 736 sit
969 671 1071 757 aliqua
1091 669 1262 736 substantia
1278 692 1318 735 an

217 783 341 870 aliquod
355 783 505 848 accidens.
550 783 624 848 Non
639 783 822 863 substantia,
838 786 911 869 quia
924 783 1032 869 nequit
1046 783 1080 848 in
1095 806 1127 847 se
1144 782 1318 863 subsistere,

211 904 249 960 nt
274 895 390 960 dictum
415 904 473 975 est,
493 904 525 959 et
547 895 582 959 in
607 904 706 959 morte
728 895 869 959 animalis
894 904 992 960 cessat
1015 894 1152 974 existere,
1176 916 1212 989 eo
1235 894 1320 980 quod

211 1006 457 1093 unumquodque
471 1005 565 1071 habet
580 1029 646 1071 esse
661 1006 740 1071 sicut
755 1016 787 1071 et
801 1007 929 1092 operari.
973 1007 1087 1070 Anima
1102 1014 1204 1070 autem
1219 1005 1318 1071 bellu·

211 1120 265 1183 ina
279 1142 342 1183 non
356 1110 449 1183 habet
464 1118 584 1203 operari
598 1117 660 1182 nisi
673 1117 708 1182 in
723 1120 870 1204 corporei
888 1140 962 1203 ergo
979 1140 1043 1181 non
1060 1117 1153 1182 habet
1172 1140 1237 1181 esse
1256 1118 1318 1184 nisi

212 1233 245 1296 in
261 1254 394 1319 corpore.
441 1230 559 1316 Nequit
574 1254 649 1315 ergo
665 1231 726 1295 dici
743 1231 924 1296 substantia.
972 1230 1045 1295 Non
1056 1230 1147 1295 etiam
1160 1230 1316 1296 accidens:

211 1353 290 1409 esset
316 1344 398 1408 enim
424 1325 559 1429 corporis
585 1343 735 1423 accidens,
763 1343 847 1429 quod
875 1342 982 1407 multis
1010 1342 1111 1407 modis
1141 1352 1314 1428 repugnat:

211 1456 313 1541 primo
342 1456 414 1541 quia
438 1456 566 1521 brutum
596 1464 675 1520 esset
705 1478 760 1520 ens
786 1479 841 1541 per
867 1454 1016 1534 accidens,
1042 1463 1074 1519 et
1099 1477 1162 1520 non
1188 1477 1243 1541 per
1266 1478 1315 1519 se:

212 1568 350 1632 secundo
376 1568 448 1653 quia
470 1567 656 1653 principium
681 1567 833 1631 sentiendi
856 1575 903 1633 est
928 1567 1062 1632 nobilius
1082 1590 1175 1653 quam
1194 1589 1315 1653 corpus,

212 1702 309 1764 quum
325 1679 437 1748 habeat
448 1680 655 1765 operationem
671 1679 831 1759 altiorem
854 1679 993 1745 accidens
1004 1682 1107 1743 autem
1122 1680 1255 1766 corporis
1270 1687 1317 1745 est

211 1791 378 1875 ignobilius
394 1813 537 1877 corpore:
560 1791 652 1856 tertio
667 1791 739 1877 quia
753 1814 845 1856 omne
860 1792 999 1856 accidens
1013 1792 1146 1877 corporis
1161 1791 1317 1857 reducitur

129 1924 132 1929 ·
210 1902 393 1965 admotum
420 1901 559 1983 localem,
578 1924 615 1965 ex
638 1924 700 1987 quo
725 1923 789 1966 non
814 1901 951 1986 exsurgit
976 1902 1097 1981 sentire,
1123 1902 1177 1966 sed
1194 1910 1315 1966 tanturn

210 2013 274 2093 ubi,
295 2015 404 2099 ligura,
428 2014 505 2078 situs
531 2023 562 2078 et
586 2014 655 2080 aliae
680 2014 881 2099 proprietates
905 2036 1086 2100 corporum:
1109 2024 1218 2100 quarto
1244 2016 1317 2101 quia

209 2126 348 2190 accidens
374 2126 508 2211 corporis
534 2148 597 2189 non
621 2135 669 2189 est
685 2134 787 2189 totum
807 2125 841 2188 in
860 2133 926 2189 toto
947 2134 977 2189 et
999 2134 1101 2190 totum
1122 2125 1155 2189 in
1179 2127 1315 2211 qualibet

212 2247 308 2324 parte.
354 2237 388 2301 Si
408 2260 482 2323 ergo
514 2238 615 2301 anima
635 2236 720 2302 bruti
739 2259 795 2301 nec
817 2246 864 2301 est
889 2237 1061 2301 substantia
1085 2260 1141 2302 nec
1165 2239 1314 2319 accidens,

211 2348 286 2433 quid
308 2348 393 2412 erit?
437 2348 477 2411 In
499 2347 653 2411 sententia
675 2347 942 2433 peripateticorum
965 2370 1030 2411 non
1053 2356 1101 2412 est
1115 2348 1217 2413 anima
1232 2349 1316 2414 bruti

211 2482 267 2526 nec
287 2460 460 2526 substantia
476 2481 534 2524 nec
548 2459 688 2523 accidens
703 2459 847 2544 corporis,
862 2459 934 2545 quia
948 2468 995 2523 est
1010 2460 1108 2524 forma
1123 2461 1227 2525 stricte
1243 2462 1314 2526 sub-

211 2572 373 2652 stantialis,
388 2580 419 2635 et
433 2571 502 2635 ideo
516 2593 580 2635 non
602 2580 649 2635 est
669 2594 733 2651 ens,
750 2571 804 2635 sed
826 2571 859 2635 id
878 2594 939 2656 quo
958 2593 1014 2635 ens
1034 2580 1091 2637 est.
1138 2572 1229 2651 Quod
1244 2596 1314 2639 vero

211 2692 342 2749 nonest
364 2707 429 2763 ens,
451 2706 551 2768 neque
572 2692 619 2747 est
642 2683 815 2748 substantia
836 2706 936 2769 neque
958 2683 1107 2751 accidens.
1162 2685 1224 2751 sed
1245 2687 1313 2767 hoc,

211 2796 295 2881 quod
309 2796 411 2860 anima
424 2795 509 2859 bruti
523 2795 563 2859 sit
578 2794 644 2859 eius
658 2796 756 2859 forma
771 2795 876 2860 stricte
889 2795 1108 2877 substantialis,
1119 2796 1179 2861 dici
1188 2800 1313 2883 nequit3

212 2911 285 2997 quia
299 2897 408 2975 formae
422 2910 530 2973 dantes
544 2910 680 2994 primum
695 2931 762 2973 esse
779 2910 915 2973 materiae
935 2910 1043 2994 primae
1062 2922 1139 2975 sunt
1160 2912 1314 2997 insepara-

209 3024 287 3089 biles
309 3048 328 3088 a
349 3048 406 3089 sua
427 3022 564 3104 materia,
578 3031 615 3087 ut
637 3022 750 3086 invicte
771 3021 967 3108 probavimus
990 3045 1103 3107 supra:
1127 3023 1204 3087 adde
1219 3024 1312 3109 quod,

211 3143 287 3221 quot
302 3143 375 3199 sunt
391 3133 543 3199 distinctae
557 3141 660 3220 partes
675 3132 819 3214 materiae,
835 3142 882 3197 tot
897 3141 972 3197 sunt
992 3141 1078 3198 ectus
1097 3133 1313 3199 substantiales

210 3247 279 3311 illas
298 3245 540 3325 constituentes,
563 3254 594 3309 et
615 3245 658 3309 sic
676 3245 774 3308 forma
795 3244 871 3309 dans
886 3245 1021 3330 primum
1036 3268 1102 3309 esse
1117 3246 1251 3311 materiae
1266 3256 1313 3311 est

210 3357 372 3442 multiplex
386 3356 602 3441 incomposito
617 3355 775 3419 materiali.
820 3356 934 3421 Anima
954 3365 1058 3421 autem
1080 3356 1164 3422 bruti
1184 3380 1247 3422 non
1265 3367 1313 3423 est

209 3469 271 3533 nisi
290 3491 363 3549 una,
378 3478 409 3533 et
429 3469 554 3554 quidem
569 3467 707 3552 simplex,
725 3475 760 3531 ut
775 3466 918 3534 diximus.
965 3468 1096 3553 Oportet
1110 3490 1184 3553 ergo
1199 3492 1313 3556 ponere

210 3603 321 3665 corpus
336 3581 514 3664 organicum
529 3580 563 3643 in
577 3578 716 3665 potentia
729 3578 824 3644 vitam
844 3578 961 3643 habens
980 3579 1170 3664 praeexistere
1190 3581 1229 3645 ad
1247 3582 1312 3645 ani-

209 3715 301 3772 mam,
317 3701 353 3756 ut
375 3692 472 3776 possit
489 3714 525 3755 ea
545 3689 714 3753 informari.
758 3690 801 3754 Et
821 3690 874 3769 sic,
893 3689 965 3776 quia
982 3712 1093 3775 corpus
1111 3691 1310 3757 informatum

209 3825 272 3867 non
288 3811 334 3867 est
349 3802 430 3867 idem
445 3823 480 3866 ac
495 3823 605 3886 corpus
620 3799 760 3864 nondum
775 3800 985 3878 informatum,
1001 3822 1124 3865 necesse
1138 3810 1185 3865 est
1203 3802 1311 3885 dicere,

209 3913 291 3999 quod
314 3913 402 3993 illud,
423 3935 477 3997 per
500 3912 584 3998 quod
606 3934 706 3976 unum
729 3911 767 3975 ab
794 3912 853 3976 alio
879 3911 1097 3977 diversificatur
1119 3912 1250 3995 realiter,
1271 3916 1311 3981 sit

209 4024 334 4112 aliquod
347 4046 402 4089 ens
416 4023 517 4088 reale:
540 4022 666 4087 omnino
681 4044 754 4107 ergo
768 4022 816 4088 vel
832 4022 1013 4104 substantia,
1025 4024 1072 4089 vel
1088 4024 1238 4091 accidens.
1269 4028 1311 4093 Et

207 4145 353 4222 praeterea
372 4136 482 4200 animae
501 4134 662 4199 brutorum
677 4134 724 4199 vel
739 4143 881 4199 creantur
895 4158 913 4199 a
928 4136 1007 4215 Deo,
1022 4134 1069 4201 vel
1085 4136 1258 4203 educuntur
1273 4140 1311 4204 de

207 4248 344 4335 potentia
358 4247 493 4335 corporis
507 4246 643 4331 organici
657 4246 782 4333 physice
797 4246 963 4312 existentis.
1010 4248 1045 4312 Si
1058 4249 1190 4333 primum
1203 4276 1212 4329 3
1236 4274 1310 4335 ergo

207 4362 316 4427 animae
330 4362 492 4455 brutorum
508 4367 582 4424 sunt
597 4359 700 4437 entia3
723 4381 795 4427 nam
811 4358 922 4425 creatio
938 4361 1120 4425 terminatur
1134 4362 1173 4426 ad
1187 4386 1251 4427 ens.
1277 4364 1310 4428 Si
