3200 4984
301 386 346 450 66
736 404 779 447 nn
796 403 977 447 rainerius
1248 382 1335 467 [car.
1354 397 1410 442 ιιι.

302 571 488 658 principium
511 570 641 655 furcule
663 572 844 653 procinctu,
871 571 920 633 acl
948 592 1016 653 quo.
1061 568 1141 633 Vide
1170 590 1264 654 supra
1290 590 1323 631 n.
1354 569 1410 631 40.

302 683 387 748 lllud
410 705 480 749 vero
505 681 589 767 quod
612 681 662 746 hic
690 681 721 745 S.
746 682 881 747 Thomas
904 686 940 745 bx
963 679 1128 747 Aristotele
1155 679 1299 759 desumit,
1324 678 1411 764 quod

300 796 395 859 omnic
409 795 521 859 additio
534 800 564 859 ct
578 794 740 857 subtractio
755 794 853 857 amici
867 795 990 877 speciem
1003 794 1080 856 sicut
1095 794 1127 855 ia
1137 794 1264 856 numnis
1274 790 1410 875 intelligi

300 914 403 992 potest
423 930 442 970 a
462 905 553 970 nobis
573 903 746 989 dupliciter.
792 903 897 969 Primo
918 904 1011 969 modo
1033 903 1216 989 applicando
1237 903 1302 968 haec
1316 902 1411 968 verba

299 1018 460 1083 clementis
474 1015 675 1101 simplicibus,
692 1014 730 1079 de
750 1014 863 1100 quibus
885 1038 903 1081 a
925 1014 1015 1080 nobis
1038 1037 1131 1099 supra
1153 1013 1269 1099 aliquid
1291 1014 1411 1079 dictum

299 1138 366 1208 est3
390 1137 421 1193 et
435 1137 511 1193 tunc
525 1130 619 1192 onmia
632 1128 744 1191 additio
760 1136 789 1191 ct
802 1128 965 1193 subtractio
983 1148 1046 1191 non
1062 1126 1159 1192 variat
1179 1126 1321 1211 speciem,
1336 1125 1412 1211 quia

300 1241 399 1305 forma
412 1238 588 1304 intensioris
598 1237 722 1302 virtutis
735 1259 799 1301 non
815 1236 888 1301 facit
904 1238 1062 1302 materiam
1076 1236 1228 1302 intensius
1240 1237 1410 1316 terminari,

299 1374 397 1437 quum
412 1349 591 1415 terminatio
605 1348 658 1413 illa
672 1347 713 1412 sit
727 1348 760 1412 in
775 1346 965 1427 indivisibili,
981 1355 1017 1412 ut
1033 1347 1220 1413 declaratum
1234 1355 1282 1413 est
1297 1370 1329 1411 n.
1345 1348 1410 1413 36:

299 1462 355 1527 scd
376 1462 448 1527 facit
470 1469 593 1525 tantum
614 1458 811 1524 intensiorem
833 1460 983 1523 actionem
1003 1459 1222 1525 accidentalem
1246 1459 1285 1524 ud
1301 1467 1408 1525 extra:

298 1582 330 1637 et
346 1574 410 1638 haec
424 1571 556 1636 mutatio
570 1569 757 1635 intensitatis
772 1568 813 1633 ad
827 1577 911 1634 extra
926 1591 989 1634 non
1004 1578 1104 1635 mutat
1120 1570 1250 1654 speciem
1263 1570 1409 1635 substan·

299 1686 360 1765 tiu,
376 1706 412 1748 eo
427 1684 494 1767 ipso
509 1681 591 1767 quod
606 1690 653 1745 est
669 1680 799 1745 mutatio
814 1680 978 1765 respiciens
992 1680 1203 1745 intensitatem
1221 1690 1308 1747 actus
1330 1680 1409 1747 acci-

299 1795 441 1860 dentalis.
480 1794 623 1859 Secundo
637 1792 729 1857 modo
744 1791 877 1877 intelligi
891 1803 1021 1877 possunt
1035 1794 1142 1860 eadem
1152 1794 1244 1861 verba
1258 1804 1294 1859 ut
1309 1796 1410 1880 appli-

299 1907 396 1973 canda
417 1915 549 1992 quatuor
571 1904 731 1970 clementis
753 1904 959 1989 peripateticis
970 1933 979 1985 3
1004 1916 1035 1971 ct
1057 1907 1116 1973 hoc
1137 1908 1237 1991 magis
1259 1916 1410 1973 consonat

298 2042 370 2084 cum
391 2017 564 2082 intentione
580 2016 613 2081 S.
628 2016 764 2080 Thomoe.
810 2016 914 2101 Atque
933 2017 966 2080 in
981 2017 1039 2097 boc
1056 2040 1149 2081 sensu
1162 2026 1265 2103 potest
1279 2004 1409 2104 quidem

296 2133 391 2195 omnic
414 2130 526 2195 additio
550 2137 580 2193 ct
604 2129 766 2193 srcbtvucte'o
790 2130 907 2191 corium
925 2092 975 2193 bie
997 2099 1235 2195 ιίηυιιιιιιιιιιιειιι
1262 2131 1316 2211 rei,
1343 2152 1409 2197 non

297 2252 402 2307 temen
423 2240 547 2326 praecise
568 2241 701 2323 speciem,
723 2238 802 2302 sicut
825 2260 881 2303 nec
903 2238 936 2301 in
958 2240 1105 2319 numeris,
1120 2248 1157 2303 ut
1179 2239 1352 2305 videbimus
1374 2242 1409 2307 in

212 2342 216 2350 ⁸
297 2361 431 2417 tractatu
453 2352 491 2416 de
514 2348 733 2427 accidentibus,
748 2371 847 2433 quum
866 2348 905 2412 de
928 2371 960 2413 se
975 2349 1094 2414 numeri
1109 2372 1173 2415 non
1189 2350 1331 2416 differant
1347 2354 1410 2418 nisi

295 2464 467 2529 secundum
490 2461 588 2545 magis
610 2469 641 2524 et
663 2458 776 2523 minus.
824 2458 886 2522 Sed
906 2458 964 2523 hoc
986 2460 1099 2545 ipsum,
1122 2461 1193 2527 licet
1216 2461 1409 2547 impossibile

295 2576 347 2655 ait,
363 2574 512 2659 quamdiu
527 2580 661 2657 quatuor
683 2570 835 2634 elementa
857 2580 1076 2655 supponuntur
1097 2572 1172 2637 talia
1193 2595 1260 2637 esse
1280 2584 1410 2659 propter

296 2686 426 2749 formam
442 2682 673 2747 substantialem
690 2681 776 2765 (quia
789 2681 855 2746 baec
875 2689 911 2745 ut
930 2681 1001 2745 talis
1022 2683 1120 2746 estin
1144 2683 1338 2769 indivisibili)
1362 2695 1410 2750 est

294 2795 423 2858 omniuo
445 2792 589 2876 possibile
609 2799 642 2855 et
664 2791 880 2871 necessarium,
894 2792 1020 2877 quando
1041 2792 1253 2860 admittuntur
1273 2804 1410 2881 quatuor

294 2904 448 2967 clementa
461 2924 527 2966 csse
541 2902 710 2985 composita
724 2923 761 2964 cx
776 2902 967 2987 simplicibus
986 2906 1289 2990 conspirantibus‘in
1311 2931 1409 2975 unam

295 3022 438 3078 naturam
460 3035 515 3097 per
535 3012 666 3077 formam
688 3011 871 3078 naturalem.
917 3013 1010 3091 Quod
1031 3024 1068 3080 ut
1090 3016 1202 3083 clarius
1220 3019 1408 3101 innotescat,

295 3125 395 3189 obiter
409 3146 579 3208 proponam
594 3122 777 3206 exemplum.

339 3239 395 3301 58.
417 3235 544 3319 Accipio
565 3255 687 3318 aquam,
702 3233 775 3317 quia
788 3246 836 3297 est
850 3256 949 3299 unum
963 3258 1000 3300 ex
1014 3237 1175 3304 elementis
1190 3241 1409 3327 peripatetico·

295 3371 384 3413 rum:
407 3346 606 3411 etcousidero
614 3366 726 3409 nexum
735 3344 973 3410 intercedentem
982 3347 1062 3413 inter
1071 3359 1173 3434 partes
1182 3352 1368 3439 hydrogenii
1378 3365 1410 3421 et

295 3469 399 3545 partes
427 3457 581 3543 oxygenii,
604 3455 659 3540 qui
687 3463 734 3519 est
762 3456 919 3521 evidenter
947 3461 1135 3525 necessarius
1164 3463 1204 3528 ad
1232 3464 1410 3532 habendam

295 3579 439 3635 naturam
452 3590 550 3653 aquae.
597 3568 661 3631 Hie·
671 3588 746 3651 ergo
760 3590 867 3647 nexus,
882 3568 936 3652 qui
950 3570 1085 3653 pertinet
1104 3572 1144 3637 ad
1161 3574 1289 3641 formale
1309 3600 1409 3663 aquae,

294 3701 357 3745 non
372 3679 412 3745 ad
427 3678 591 3758 materiale,
605 3685 709 3762 potest
724 3678 846 3755 mutari,
863 3686 894 3741 et
908 3678 974 3742 fieri
994 3680 1075 3745 alius
1098 3692 1132 3747 et
1155 3685 1245 3766 alius,
1261 3699 1410 3756 manente

291 3814 382 3876 aqua
426 3790 511 3873 llrgo
524 3788 652 3853 formale
665 3810 752 3872 aquae
767 3787 880 3851 mutari
894 3798 995 3872 potest
1010 3791 1113 3876 dique
1126 3797 1311 3878 mutatione,
1327 3801 1407 3885 quin

292 3910 431 3966 mutetur
445 3900 619 3965 substantia
633 3922 719 3983 aquae
734 3898 836 3982 quoad
851 3899 1000 3965 rationem
1016 3924 1123 3986 aquae:
1145 3928 1183 3969 ex
1198 3930 1260 3992 quo
1276 3924 1406 3997 apparet

292 4010 383 4074 illum
404 4031 519 4073 nexum
541 4031 604 4073 non
625 4030 692 4071 esse
714 4008 843 4071 formam
864 4008 1095 4077 substantialem
1114 4016 1196 4100 (quae
1211 4029 1259 4083 cst
1274 4021 1308 4085 in
1323 4024 1408 4089 indi-

292 4117 417 4201 visibili)
439 4125 471 4180 ει
492 4126 596 4181 tamen
618 4138 683 4179 non
699 4139 766 4180 csse
785 4117 916 4182 formam
935 4120 1155 4189 accidentalem
1171 4137 1291 4195 naturae
1306 4155 1408 4219 aquae,

291 4228 366 4311 quia
380 4250 460 4317 aqua
473 4228 610 4311 postulat
624 4227 756 4311 aliquem
780 4250 894 4293 nexum
916 4231 1050 4315 partium
1068 4238 1354 4326 constitutivarum,
1372 4270 1409 4313 ex

290 4358 353 4421 quo
375 4336 524 4401 resultent
547 4337 755 4402 determinatae
776 4339 979 4423 proprietates
1001 4366 1097 4429 aquae,
1113 4370 1141 4412 v.
1157 4372 1205 4433 gr.
1230 4352 1407 4439 liquiditas,
