3200 4984
196 380 268 424 cnr.
286 361 325 444 n]
559 384 676 430 uranu
694 385 929 431 xaruusnruu.
1279 367 1298 426 5

197 547 360 613 distinctis.
404 548 501 633 Atqui
519 561 670 636 repugnat
690 553 874 638 principium
895 551 1050 636 passivum
1067 549 1243 634 principiari
1260 549 1299 614 ab

196 657 264 723 aliis
279 659 435 744 principiis
443 686 453 739 3
477 682 546 745 quae
560 662 642 727 enim
657 663 842 748 principiant
856 684 911 747 per
929 661 1053 725 modum
1070 660 1164 745 partis
1183 660 1300 725 habent

196 779 283 835 actus
295 771 456 836 distinctos
467 773 588 838 essendi
596 800 606 853 3
633 775 719 860 atqui
733 784 820 839 actus
834 772 955 838 essendi
969 794 1033 836 non
1048 781 1095 836 est
1109 772 1169 836 nisi
1184 773 1297 856 aprin-

196 879 276 964 cipio
296 882 364 966 ipso
388 883 495 961 activo,
519 892 556 947 ut
577 884 660 949 infra
679 886 894 963 ostendemus,
917 893 992 969 quot
1015 906 1089 967 ergo
1112 891 1300 968 ponerentur

195 1001 297 1076 partes
310 994 544 1079 principiantes,
559 1004 606 1060 tot
624 998 766 1081 ponenda
780 1006 882 1061 essent
902 995 992 1060 etiam
1012 995 1162 1080 principia
1181 995 1297 1075 active,

194 1111 225 1166 ct
241 1103 284 1168 sic
298 1126 363 1168 non
377 1104 540 1171 haberetur
554 1130 653 1172 unum
667 1130 722 1172 ens
737 1106 947 1185 substantiale,
963 1106 1017 1171 sed
1031 1106 1129 1190 plura.

238 1214 387 1280 Praeterea
402 1217 538 1282 extensio
552 1227 599 1282 est
615 1220 754 1304 quaedam
769 1219 877 1283 relatio
888 1218 1006 1282 entium
1017 1218 1051 1281 in
1062 1218 1170 1302 spatio.
1199 1218 1298 1305 Atqui

194 1326 377 1411 principium
401 1329 555 1413 passivum
578 1352 640 1393 non
663 1329 788 1394 involvit
812 1330 844 1393 in
867 1351 924 1394 suo
938 1337 1088 1414 conceptu
1110 1329 1170 1394 nisi
1187 1352 1298 1417 puram

194 1437 432 1502 indifferentiam
447 1439 597 1523 passivam
610 1440 789 1504 admotum.
820 1440 904 1524 Ergo
914 1463 978 1504 non
993 1441 1125 1525 pertinet
1141 1440 1179 1505 ad
1194 1441 1298 1525 ipsum

194 1549 341 1614 extensio.
387 1550 538 1614 Praeterea
566 1552 760 1617 introducere
789 1552 997 1616 extensionem
1027 1560 1074 1616 est
1102 1552 1297 1619 introducere

194 1661 446 1745 compositionem
462 1661 607 1747 partium.
652 1663 714 1727 Sed
735 1663 915 1747 compositio
932 1662 1067 1747 partium
1089 1671 1135 1728 est
1158 1661 1298 1732 accidens

195 1772 386 1856 singularum
412 1773 565 1858 partium,
589 1796 662 1857 ergo
688 1774 876 1838 haberentur
897 1795 961 1837 non
984 1773 1083 1837 solum
1102 1773 1205 1858 plures
1223 1771 1295 1836 sub-

194 1883 324 1964 stantiae,
354 1884 388 1948 in
417 1885 529 1970 quibus
557 1908 681 1950 necesse
709 1895 756 1950 est
785 1886 881 1970 accipi
910 1885 1086 1963 accidentia,
1116 1886 1169 1949 sed
1202 1886 1302 1956 etiam·¹

195 1995 380 2080 principium
395 1996 549 2081 passivum
565 2005 797 2082 componeretur
808 2019 845 2061 ex
856 1995 1027 2060 substantia
1037 2004 1068 2061 et
1079 1995 1296 2062 accidentibus.

196 2106 265 2171 Hoc
280 2115 382 2171 autem
399 2117 446 2171 est
458 2107 635 2188 absurdum,
652 2131 747 2194 quum
763 2108 949 2194 principium
971 2108 1203 2174 constitutivum
1222 2107 1300 2174 sub·.

195 2218 316 2282 stuutiae
341 2226 377 2282 ut
403 2219 445 2283 sic
471 2229 603 2305 nequeat
629 2244 665 2284 ex
691 2219 871 2284 substantiis
896 2222 958 2282 iam
984 2219 1161 2284 constitutis
1183 2226 1237 2282 aut
1260 2241 1297 2283 ex

194 2353 299 2394 earum
325 2329 532 2395 accidentibus
557 2353 728 2414 exsurgere.
784 2332 934 2395 Praetereu
959 2331 1084 2395 unicum
1110 2330 1295 2415 principium

194 2442 325 2506 activum
344 2464 408 2506 non
422 2452 539 2512 exercet
554 2443 613 2507 nisi
627 2466 722 2508 unam
737 2443 887 2507 actionem
904 2442 1048 2507 motivam
1063 2443 1096 2507 in
1112 2441 1294 2506 determina·

193 2562 261 2619 tum
277 2562 437 2639 punctum.
470 2554 843 2619 Sedunicaactiomotire
853 2553 1075 2617 habctunicam
1087 2553 1294 2631 directionem,

142 2695 145 2702 ¹
194 2673 225 2730 et
235 2666 326 2730 unica
337 2666 464 2730 directio
473 2666 568 2748 exigit
579 2675 614 2729 ut
626 2689 660 2729 ca
671 2665 829 2750 proveniat
837 2687 873 2728 ex
883 2665 1097 2749 unicopuncto
1105 2663 1294 2727 indivisibili.

193 2777 277 2861 Ergo
292 2777 371 2842 ectio
385 2777 479 2841 unius
494 2777 636 2862 principii
650 2777 756 2841 motivi
768 2784 924 2840 exercetur
934 2798 971 2839 ex
981 2784 1096 2860 puncto
1104 2773 1293 2838 indivisibili.

196 2888 257 2957 sed
273 2889 331 2953 hoc
351 2899 511 2973 punctum,
528 2898 563 2953 ut
585 2889 725 2966 diximus,
744 2897 791 2952 est
812 2889 914 2972 ipsum
934 2886 1119 2972 principium
1139 2886 1293 2971 passivum

193 3009 306 3064 motus.
351 3000 434 3084 Ergo
456 3000 518 3064 talc
540 3000 724 3086 principium
746 3011 793 3064 est
815 3000 847 3063 in
870 3009 987 3084 puncto
1009 2998 1224 3063 mathematico
1245 2999 1293 3061 in-

194 3109 347 3176 divisibili.
385 3110 500 3174 Dehac
515 3134 548 3175 re
562 3111 743 3175 tractabitur
757 3111 857 3174 fusius
870 3111 904 3173 in
918 3119 1053 3174 tractatu
1067 3108 1106 3173 de
1121 3110 1294 3175 substantia

138 3273 140 3276 v
174 3266 176 3270 -
194 3244 346 3306 corporea,
362 3222 415 3286 ubi
430 3224 627 3287 ostendemus
643 3223 878 3308 repugnantiam
896 3222 1028 3286 materiae
1043 3224 1205 3288 continuae.

236 3337 268 3398 9.
292 3333 447 3410 Quaeritur
467 3334 576 3412 tertio,
606 3342 705 3397 utrum
728 3334 910 3418 principium
933 3337 1084 3417 passivum
1106 3338 1204 3418 possit
1233 3359 1294 3400 aare

193 3446 323 3510 obsolute
336 3447 398 3510 aue
411 3445 472 3510 ullo
481 3447 630 3530 princepis
645 3451 749 3510 actico.

235 3557 417 3642 Respondeo
431 3557 579 3641 negative.
619 3558 701 3621 Nam
710 3556 895 3642 principium
905 3557 1060 3642 passivum
1069 3558 1201 3622 existens
1216 3582 1292 3643 pure

192 3669 225 3732 in
241 3692 282 3748 se,
297 3681 377 3732 esset
393 3690 469 3753 pure
484 3668 620 3750 potentia
640 3668 789 3752 receptiva
806 3668 840 3732 iu
860 3690 892 3730 se
911 3667 1052 3731 existens.
1100 3667 1168 3732 Hoc
1188 3678 1291 3733 autem

192 3788 238 3844 est
267 3777 546 3845 contradictorium.
607 3779 698 3842 Nam·
722 3779 848 3842 existere
876 3785 923 3840 est
953 3785 1049 3855 actus,
1079 3799 1156 3860 pura
1188 3788 1290 3843 autem

192 3893 330 3976 potentia
343 3892 541 3977 passive'non
552 3898 598 3954 est
607 3900 704 3970 ectus,
715 3913 779 3956 nec.
788 3890 862 3954 dicit
876 3897 996 3969 actum,
1007 3888 1060 3952 sed
1075 3911 1111 3952 eo
1125 3890 1192 3974 ipso
1207 3893 1291 3976 q'uod

192 4012 238 4067 est
253 4027 330 4089 pure
344 4003 491 4088 potentia,
507 4001 816 4085 contradistinguitur
830 4009 936 4066 contra
950 4009 1064 4064 actum.
1101 4001 1290 4087 Principium

190 4135 264 4198 ergo
278 4115 433 4199 passivum
453 4114 491 4176 de
511 4135 543 4176 se
563 4113 670 4198 nequit
685 4113 822 4191 existere,
837 4113 897 4176 nisi
912 4120 1051 4176 actuetur
1073 4121 1143 4176 actu
1164 4114 1290 4179 alterius

191 4225 342 4310 principii,
358 4225 440 4310 quod
456 4233 502 4288 est
517 4224 702 4309 principium
719 4224 860 4288 activum.
907 4222 967 4286 Sed
983 4225 1043 4287 hoc
1061 4223 1161 4316 ipsum
1180 4224 1291 4290 clarius

191 4337 389 4422 explicabitur
403 4337 436 4401 in
452 4337 551 4422 capite
560 4313 714 4422 sequenti.
