3200 4984
222 416 292 461 can.
309 400 379 481 111.]
579 417 621 459 na
637 416 757 461 rursus
773 416 965 461 conmuurs.
1260 395 1324 459 297

267 581 459 668 Respondeo,
469 582 704 649 fundamentum
719 583 789 648 talis
804 581 959 647 relationis
973 602 1039 645 esse
1053 580 1095 659 id,
1106 580 1326 667 propterquod

222 717 286 760 una
305 694 393 761 alteri
413 696 580 780 comparari
599 704 710 780 potest,
729 704 760 760 et
779 682 813 759 iri
835 717 897 779 quo
918 692 1244 780 utraque-participat:
1266 691 1324 756 hoo

223 816 325 872 autem
340 806 495 871 evidenter
514 817 561 872 est
581 807 752 888 intensitas,
768 806 938 874 seeundum
954 805 1088 891 aliquem
1106 804 1247 889 gradum,
1270 805 1325 889 qui

225 917 339 1003 pluries
353 918 527 983 inveniatur
548 919 582 983 in
596 941 659 983 una
673 941 765 1004 quam
787 918 822 982 in
844 916 950 998 altera,
965 916 1014 981 vel
1032 916 1190 1002 aequaliter
1206 916 1239 980 in
1261 938 1325 981 una

223 1039 255 1095 et
268 1030 300 1095 in
315 1030 418 1095 altera.
464 1030 577 1110 Quare,
592 1051 629 1095 ex
651 1052 687 1095 eo
709 1029 793 1115 quod
813 1029 910 1094 virtus
932 1037 1032 1093 ereata
1053 1027 1147 1093 habet
1164 1027 1325 1093 intensita-

223 1153 296 1223 tem,
320 1165 384 1208 non
398 1142 549 1227 ¹cogimur
571 1141 733 1207 ascendere
755 1140 796 1205 ad
819 1140 918 1225 ipsam
938 1140 1083 1205 virtutem
1105 1140 1270 1205 increatam
1286 1138 1325 1203 ad

222 1255 441 1321 inveniendum
464 1252 699 1319 fundumentum
721 1253 878 1319 relationis
898 1252 979 1317 inter
992 1252 1138 1317 virtutes:
1161 1259 1268 1317 ooutra
1288 1273 1324 1315 ex

222 1365 356 1451 eoquod
370 1367 422 1430 aaa·
443 1380 474 1430 et
489 1367 614 1449 ,quondo
636 1374 757 1431 careant
778 1364 967 1444 intensitate,
981 1363 1219 1458 nonlpotuimus
1240 1363 1326 1429 aliud

223 1476 460 1541 fundamentum
486 1476 669 1542 relationum
692 1476 771 1541 inter
794 1475 857 1541 duo
877 1478 930 1540 ata·
950 1476 999 1542 vel
1019 1475 1101 1540 inter
1125 1475 1187 1541 duo
1208 1477 1325 1559 quarrdo

224 1587 369 1666 invenire,
392 1587 454 1652 nisi
482 1587 580 1672 ipsam
601 1587 820 1653 virtualitatem
845 1587 1061 1653 immensitatis
1082 1596 1114 1652 et
1135 1588 1322 1653 aternitatis.
1379 1581 1382 1585 ⁴

185 1732 190 1743 ¹
224 1698 301 1775 Quae
315 1698 487 1763 differentia
501 1698 588 1763 valde
610 1676 746 1764 notanda
766 1707 825 1779 est,
847 1700 929 1784 quia,
951 1699 1032 1763 inter
1051 1698 1120 1779 alia,
1140 1699 1199 1767 boe
1217 1698 1325 1764 exinde

225 1811 372 1896 sequitur,
388 1809 471 1895 quod
484 1811 592 1875 relatio
606 1811 687 1875 inter
709 1812 760 1875 udi
774 1819 805 1875 et
819 1812 871 1875 aba·
885 1821 917 1876 et
936 1811 1017 1875 iuter
1031 1812 1147 1896 qnoncb
1165 1820 1197 1876 et
1210 1811 1325 1895 prendo

224 1922 264 1986 sit
279 1920 386 1985 relatio
401 1944 477 2005 pure
491 1922 668 2000 extrinseca,
683 1943 720 1985 eo
731 1919 815 2006 quod
824 1920 1061 1987 fundamentum
1077 1922 1118 1986 sit
1132 1930 1232 1986 totum
1241 1929 1326 1987 extra

223 2034 389 2098 terminos:
405 2041 520 2112 eontra,
535 2033 642 2099 relatio
653 2033 733 2098 inter
745 2033 890 2098 virtutem
900 2045 930 2097 et
940 2033 1086 2098 virtutem
1100 2034 1141 2098 sit
1150 2033 1325 2114 intrinseca,

225 2146 297 2231 quia
312 2144 548 2209 fundamentum
564 2144 658 2208 estin
674 2142 749 2229 ipsis
763 2124 903 2208 terminis
917 2143 1130 2209 intrinsecum.

268 2260 321 2322 59.
345 2256 502 2335 Quaeritur
530 2267 646 2336 octavo,
675 2264 777 2321 otram
810 2255 962 2340 quaesitus
993 2251 1121 2321 oirtntn
1144 2258 1185 2320 sit
1212 2276 1326 2320 summo

221 2371 366 2455 pradum
379 2372 508 2435 uirtutis.
529 2423 534 2429 .

267 2481 450 2568 Respondeo
461 2480 648 2546 affirmative.
681 2482 876 2547 Namomnis
885 2479 1324 2567 gradusvirtutisoogitabilis‚

223 2593 420 2681 quantumvis
439 2593 596 2672 minimus,
613 2593 711 2691 'habet
733 2594 833 2660 adhuc
855 2595 1005 2660 rationem
1024 2594 1206 2680 quantitatis
1223 2594 1325 2657 inten-

224 2708 312 2772 sivae:
328 2715 359 2771 et
369 2707 439 2771 ideo
450 2705 579 2791 quilibet
589 2705 708 2785 minimi
719 2706 833 2791 gradus
841 2706 1087 2771 virtutisbabent
1098 2706 1325 2791 proportionem

224 2827 255 2883 et
269 2818 475 2904 aptitudinem
491 2817 530 2882 ad
545 2816 781 2881 mensurandam
793 2818 939 2882 virtutem
953 2818 1089 2883 totalem.
1126 2819 1168 2882 Et
1181 2825 1327 2904 praeterea

223 2930 290 3016 ipsa
310 2928 414 2995 virtus
430 2928 534 2994 totalis
556 2928 694 2993 eontinet
712 2928 877 2993 intrinsece
894 2929 988 2994 reales
1010 2928 1079 2993 illos
1100 2929 1214 3014 gradus
1236 2936 1268 2993 et
1289 2951 1326 2993 ex

221 3041 284 3105 illis
299 3051 428 3118 constat,
444 3040 515 3105 lieet
529 3062 635 3105 eorum
650 3039 807 3105 distinctio
825 3062 889 3106 non
903 3040 944 3104 sit
958 3040 1104 3122 formalis,
1120 3042 1173 3105 sed
1186 3040 1325 3106 virtualis

222 3163 356 3232 tantum,
386 3152 462 3237 quia.
487 3152 579 3217 unioa
607 3151 705 3217 virtus
733 3151 795 3217 illis
824 3151 968 3217 omnibus
988 3152 1167 3239 ,aequivalet
1222 3153 1325 3230 Quare

222 3264 379 3351 quantitas
407 3264 530 3329 virtutis
559 3264 673 3350 oppido
703 3264 806 3329 differt
831 3288 851 3329 a
872 3265 1044 3351 quantitate
1059 3265 1232 3345 distantiae,
1256 3289 1325 3352 quoe

222 3376 330 3461 nequit
345 3374 440 3460 aooipi
457 3382 494 3440 ut
514 3398 635 3440 summa
655 3376 865 3441 ubioationum
880 3379 922 3461 (n.
937 3379 989 3462 18)
1002 3402 1009 3442 ι
1032 3378 1107 3442 item
1121 3401 1140 3442 a
1154 3380 1325 3464 quantitate

224 3486 405 3567 durationis,
420 3510 488 3572 quae
507 3484 615 3573 nequit
636 3488 732 3574 aooipi
746 3498 782 3553 ut
805 3511 924 3553 summa
939 3489 1172 3575 quandeitatum
1189 3491 1232 3574 (u.
1247 3491 1323 3572 41):

222 3608 313 3686 atque
327 3600 400 3664 hmo
422 3600 569 3685 sequitur,
590 3601 794 3686 quantitatem
810 3601 932 3666 virtutis
954 3623 1009 3686 per
1030 3624 1063 3665 se
1083 3610 1115 3665 et
1136 3602 1253 3666 ratione
1275 3601 1325 3667 sui

223 3736 288 3777 esse
304 3712 517 3796 quantitatem,
535 3710 609 3775 dum
624 3711 784 3777 relationes
799 3712 953 3777 distantiae
964 3720 995 3777 et
1006 3712 1175 3778 durationis
1187 3714 1323 3779 denomi-

223 3824 379 3889 nationem
395 3823 576 3909 quantitatis
590 3824 744 3909 aooipiuut
764 3824 801 3888 ab
818 3823 996 3905 extrinseco,
1012 3824 1184 3890 videlieeta
1201 3826 1325 3910 quanti·

168 3918 173 3923 ⁵
225 3945 289 4000 tate
310 3934 463 4000 intensiva
477 3935 599 3999 virtutis
620 3936 752 4015 motivae,
767 3958 861 4020 quam
877 3958 1091 4000 mensuramus
1110 3937 1144 4001 in
1165 3937 1323 4002 effectibus

224 4046 430 4125 sensibilibus,
454 4056 490 4110 ut
516 4046 688 4111 notavimus
709 4046 743 4111 in
765 4055 898 4112 tractatu
920 4049 969 4110 De
987 4048 1152 4113 substantia
1175 4072 1328 4133 corporea,-

223 4184 255 4227 u.
279 4164 331 4225 29.
385 4160 522 4244 Apparet
551 4167 654 4222 autem
676 4181 713 4223 ex
742 4158 842 4237 dietis,
872 4180 995 4222 omnem
1021 4159 1224 4243 quantitatem
1250 4184 1323 4225 oon·

222 4272 341 4336 tinuam
364 4270 565 4335 essentialiter
588 4279 752 4335 eonnotare
772 4271 975 4355 quantitatem
999 4270 1131 4350 virtutis,
1147 4281 1177 4335 et
1200 4295 1323 4337 omnem

222 4384 428 4449 extensionem
458 4382 581 4447 fundari
610 4382 643 4446 in
673 4382 851 4449 intensitate
880 4392 966 4447 actus
996 4382 1153 4467 simplicis,
1183 4384 1323 4469 pluribus
