3200 4984
226 398 300 442 car.
317 377 356 461 a]
558 388 601 440 'nr
618 397 818 441 sonsrsurm
834 396 1013 445 coarorsa.
1202 429 1204 434 .
1267 380 1329 443 123

228 602 233 610 =
270 562 453 649 Respondeo
481 586 625 649 magnam
654 564 750 629 fuisse
777 564 979 650 quaestionem
1008 566 1090 631 inter
1118 565 1262 653 physicos
1292 566 1330 631 de

226 674 319 739 modo
341 675 513 761 explicandi
534 675 842 741 communicationem
864 675 1043 756 velocitatis,
1065 676 1113 742 rel
1135 670 1276 757 virtutis,
1291 676 1330 742 de

225 808 289 851 uno
310 808 436 871 corpore
456 786 491 850 in
512 786 595 851 aliud
621 788 655 850 in
677 786 855 851 eorumdem
877 787 1033 853 conflictu.
1076 788 1119 852 Et
1138 788 1184 851 illi
1205 788 1329 872 quidem

123 976 131 988 .
225 920 290 963 non
319 907 487 983 potuerunt
516 898 719 984 quaestionem
748 899 874 978 solvere,
898 898 970 983 quia
998 899 1067 985 ipsa
1091 898 1223 985 quaestio
1251 900 1330 964 falso

224 1009 342 1074 laborat
356 1009 524 1094 supposito.
571 1009 653 1073 Nam
668 1031 731 1074 uon
747 1017 794 1073 est
807 1009 960 1089 velocitas,
975 1032 1075 1095 neque
1084 1010 1180 1074 virtus
1194 1010 1329 1095 corporis

225 1120 395 1185 collidentia
410 1143 479 1206 quae
501 1128 636 1185 transeat
658 1119 792 1185 identioe
814 1120 846 1184 in
869 1141 980 1205 corpus
1001 1120 1161 1185 collisum:
1183 1130 1330 1187 ettotam

226 1232 285 1296 hoc
299 1233 458 1316 negotium
473 1231 573 1295 multo
594 1229 682 1296 aliter
696 1254 728 1295 se
750 1230 851 1295 habet
899 1232 1039 1316 Impetus
1058 1233 1152 1313 enim,
1166 1254 1228 1317 quo
1247 1256 1330 1297 unus

227 1342 339 1426 globus
360 1344 458 1407 fertur
480 1342 514 1405 in
538 1342 643 1421 alium,
659 1350 706 1406 est
730 1341 911 1427 simpliciter
933 1364 1024 1407 eausa
1038 1345 1330 1427 appropinquatione

226 1454 319 1518 unius
333 1453 373 1517 ad
395 1454 509 1518 alium:
530 1453 717 1518 necantem
731 1452 990 1539 appropinquatio
1010 1476 1073 1518 non
1092 1464 1139 1519 est
1159 1478 1260 1536 causa,
1276 1455 1330 1519 sed

226 1564 360 1630 conditio
387 1564 607 1650 praerequisita,
629 1572 665 1628 ut
691 1563 771 1629 actio
796 1564 931 1649 corporis
957 1564 1129 1630 collidentis
1158 1567 1258 1649 (actio,
1282 1566 1329 1631 iu·

225 1699 328 1761 quam,
343 1676 409 1740 eius
419 1676 568 1739 marola
581 1676 774 1753 elementaria,
783 1696 848 1739 non
857 1697 927 1741 vero
936 1676 1087 1756 velocitas,
1104 1698 1165 1762 qua
1175 1680 1327 1762 movetur)

226 1787 336 1851 afficiat
350 1786 515 1851 moleanlas
529 1785 665 1871 corporis
684 1785 782 1850 collisi
796 1808 868 1851 cum
888 1809 924 1851 ea
937 1787 1126 1867 intensitete,
1142 1810 1211 1873 quae
1225 1812 1328 1853 neces-

227 1899 306 1963 saria
320 1908 367 1962 est
382 1897 421 1961 ad
440 1895 666 1983 provocandam
680 1897 866 1962 reactionem
880 1898 992 1963 virium
1014 1898 1246 1983 repulsivamm,
1261 1923 1329 1985 quae

226 2017 299 2073 sunt
321 2008 354 2071 in
376 2030 501 2092 corpore
522 2006 638 2086 colliso,
662 2015 692 2070 et
715 2006 780 2072 vice
801 2030 899 2075 versa.
944 2009 1033 2073 Vires
1055 2010 1137 2073 enim
1159 2012 1328 2096 repulsivas,

226 2144 295 2206 quae
309 2128 383 2184 sunt
397 2120 431 2183 in
442 2118 579 2204 quolibet
594 2140 729 2203 corpore,
741 2127 866 2203 propter
880 2118 1088 2185 immediatam
1102 2122 1295 2205 praesentiam
1311 2146 1330 2187 a

225 2232 396 2296 seinvicem
410 2229 590 2313 retugium
606 2227 689 2313 quod
700 2251 796 2313 quum
808 2229 873 2293 fieri
883 2237 1015 2313 nequeat
1031 2231 1096 2294 sine
1105 2234 1329 2317 compressione

225 2342 410 2420 collisorum,
424 2340 564 2425 sequitur
577 2338 661 2424 quod
681 2338 892 2403 collidentium
917 2340 1073 2405 moleoulae
1087 2341 1329 2427 comprimantur

225 2465 257 2519 et
280 2454 351 2519 dein
372 2460 499 2537 reagant
513 2452 627 2517 virtute
650 2474 707 2516 sua
727 2451 851 2535 propria
872 2461 904 2516 et
936 2452 1102 2517 intrinseca
1127 2457 1203 2537 (nou
1225 2464 1328 2520 autem

225 2568 383 2633 velocitate
397 2575 501 2630 motus
515 2566 657 2650 impressi
679 2587 697 2628 a
712 2564 886 2648 collidente)
904 2565 936 2627 in
952 2586 1075 2629 sensum
1091 2566 1278 2651 oppositum,
1294 2580 1330 2634 ut

227 2679 266 2744 ad
288 2687 404 2743 statum
430 2678 489 2742 sibi
512 2678 683 2742 naturalem
709 2675 854 2741 redeant:
877 2678 910 2740 in
931 2699 992 2762 qua
1011 2678 1163 2744 reactioue
1184 2681 1329 2766 utrinque

227 2792 366 2877 gignitur
379 2790 522 2854 velocitas
537 2788 691 2875 quaedam,
707 2788 741 2851 in
755 2809 818 2853 uno
834 2788 959 2873 quidem
975 2790 1125 2854 contraria
1140 2792 1238 2855 motui
1252 2815 1329 2878 prae-

227 2904 355 2982 cedenti,
371 2902 404 2966 in
424 2902 484 2966 alio
498 2922 569 2966 vero
589 2901 723 2965 efficiens
743 2910 874 2966 motum.
921 2902 1003 2966 Hine
1027 2924 1082 2987 pro
1108 2901 1224 2968 diversa
1247 2926 1330 2969 com-

227 3012 379 3100 positione
401 3036 563 3099 corporum
580 3011 691 3077 diversi
711 3022 784 3076 sunt
799 3013 926 3078 effectus
947 3013 1122 3095 collisionis,
1136 3024 1173 3079 ut
1187 3016 1331 3095 fractura,

226 3126 378 3206 laceratio,
394 3125 568 3211 perforatis,
584 3133 642 3189 ete.
689 3123 769 3200 Quae
784 3125 888 3190 omnia
899 3125 987 3190 facile
1002 3126 1164 3212 explicant,
1176 3129 1331 3213 quomodo

227 3240 385 3324 quantitas
398 3246 503 3301 motus
523 3235 643 3321 perdita
665 3258 683 3299 a
702 3235 867 3300 collidente
888 3246 987 3321 aequet
1003 3239 1206 3323 quantitatem
1228 3250 1331 3305 motus

227 3372 297 3435 quae
317 3349 454 3433 exsurgit
479 3348 512 3411 iu
543 3346 660 3426 colliso,
685 3346 762 3431 quin
793 3370 915 3412 necesse
946 3348 985 3411 sit
1008 3348 1106 3414 dicere
1127 3350 1335 3435 quantitatem,

227 3470 332 3526 motus
346 3482 475 3526 numero
489 3458 628 3524 eamdem
644 3460 683 3523 de
698 3481 760 3523 uno
775 3462 902 3524 transire
914 3460 948 3524 in
963 3460 1057 3526 aliud.

272 3573 430 3637 Caeterum
440 3572 529 3636 facile
543 3571 671 3635 omnino
680 3579 727 3635 est
742 3570 924 3655 intelligere,
935 3572 1014 3636 hane
1024 3573 1253 3656 explicationem
1266 3596 1332 3638 esse

227 3708 340 3766 veram,
355 3708 453 3770 quum
473 3694 627 3769 appareat,
650 3682 774 3747 nullum
796 3704 902 3747 verum
923 3684 1087 3747 transitum
1103 3685 1269 3750 velocitatis
1293 3685 1331 3750 de

228 3817 292 3861 uno
306 3798 339 3861 in
348 3795 432 3861 aliud
446 3818 512 3861 esse
522 3793 709 3880 possibilem.
748 3793 780 3859 N
782 3817 832 3858 am
842 3794 995 3873 velocitas,
1007 3797 1033 3857 si
1048 3805 1187 3858 sumatur
1195 3796 1331 3882 physice,

229 3918 276 3972 est
290 3908 410 3972 affectio
430 3906 564 3991 corporis
587 3905 758 3971 secundum
777 3906 936 3972 materiam
955 3904 1052 3990 ipsius
1074 3914 1199 3985 motam,
1214 3906 1262 3970 vel
1284 3906 1332 3970 in-

229 4020 357 4084 tensitas
369 4019 436 4103 ipsa
449 4027 554 4083 motus
565 4043 575 4097 3
598 4027 740 4082 movetur
753 4017 838 4081 enim
853 4016 989 4081 localiter
1003 4039 1123 4101 corpus,
1132 4017 1167 4081 in
1181 4026 1332 4102 quantum

229 4131 322 4197 habet
350 4132 437 4197 illam
460 4130 679 4216 passivitatem,
699 4129 734 4193 in
760 4150 823 4213 qua
851 4128 1000 4214 recipitur
1023 4137 1136 4193 motus.
1182 4129 1276 4209 Hinc,
1297 4138 1333 4195 ut

229 4243 373 4307 velocitas
387 4250 441 4306 aut
457 4248 561 4306 motus
581 4239 619 4305 ab
635 4262 698 4304 uno
713 4262 839 4324 corpore
853 4248 988 4303 trauseat
1001 4238 1034 4303 in
1055 4239 1148 4319 aliud,
1164 4240 1254 4306 debet
1268 4264 1333 4305 rna·

217 4354 317 4434 teria,
334 4362 369 4417 ut
389 4354 528 4433 materia,
543 4375 633 4437 agere
653 4352 686 4415 in
703 4350 871 4418 materiam.
909 4352 980 4416 rSed
996 4352 1130 4432 materia,
1147 4365 1182 4417 ut
1196 4354 1333 4433 materia,
