3200 4984
211 410 284 454 car.
296 390 339 474 1.]
530 410 573 453 na
589 408 790 455 svesamma
807 408 990 455 consonas.
1254 388 1314 449 105

257 577 341 642 Hinc
356 597 531 661 percurrere
557 577 692 662 spatium
715 577 897 641 continuum
923 585 971 641 est
994 596 1168 661 percurrere
1182 573 1318 638 virtudi-
1361 638 1363 645 ,

211 697 306 753 tatem
323 687 412 753 realis
427 688 576 768 continui,
587 689 621 752 in
632 711 693 773 qua
703 689 826 753 nullum
838 699 885 753 eat
896 688 975 753 reale
990 695 1140 773 punctum
1151 684 1319 751 formaliter

212 800 283 879 tale,
299 800 354 864 sed
373 800 477 863 omnia
497 808 570 863 snnt
592 799 743 880 virtualia,
761 823 825 864 uon
847 800 968 865 excluso
987 821 1034 879 oo,
1054 799 1086 863 in
1108 820 1169 885 qno
1185 806 1257 862 actu
1270 804 1318 861 est

212 920 365 998 punctum
380 910 537 976 materiale
550 910 675 977 mobile.
711 910 753 976 llt
768 921 988 997 consequenter
1003 909 1115 975 mobile
1130 931 1184 995 per
1198 917 1317 974 motum

212 1045 303 1087 sunm
319 1045 382 1086 non
402 1035 529 1107 generat
545 1021 657 1086 lineam
675 1022 864 1103 continuam,
885 1023 938 1088 sed
960 1023 1084 1088 fluendo
1109 1022 1211 1106 signat
1233 1020 1317 1086 illam

210 1134 272 1197 iam
288 1133 321 1197 in
336 1132 459 1198 virtuali
473 1133 621 1197 continuo
636 1133 806 1198 virtualiter
821 1134 989 1199 eminenter
1004 1134 1263 1219 praexistentem:
1287 1140 1317 1196 ct

115 1295 120 1303 .
211 1245 329 1309 ratione
344 1244 438 1319 huius
454 1245 635 1329 signationis
650 1246 837 1311 transeuntis
857 1246 1033 1309 denominat
1049 1244 1180 1330 spatium
1195 1266 1317 1329 percur-

212 1380 281 1421 sam
297 1356 479 1421 continuum
493 1380 530 1421 ex
544 1357 746 1423 continuitate
760 1357 880 1421 formali
896 1368 1008 1438 motus,
1024 1379 1085 1443 qua
1106 1356 1218 1421 mobile
1240 1354 1317 1420 illud

210 1469 372 1553 percurrit.
421 1468 510 1532 Patet
534 1479 638 1533 autem
665 1491 808 1555 magnam
835 1492 901 1533 esse
925 1468 1133 1554 disparitatem
1157 1469 1237 1532 inter
1261 1468 1318 1531 boc

212 1580 295 1665 quod
310 1588 357 1644 est
372 1580 569 1644 denominare
584 1580 767 1645 continuum
782 1604 818 1644 ex
839 1580 1042 1645 continuitate
1064 1590 1176 1657 motus,
1197 1588 1228 1643 et
1245 1601 1317 1643 oon-

212 1692 339 1755 stitnere
361 1691 545 1756 continuum
567 1714 623 1777 per
644 1700 820 1757 contactum
843 1691 996 1775 partium:
1023 1690 1107 1777 qnod
1128 1690 1317 1755 ostendimus

211 1816 278 1867 ‘asse
292 1802 489 1887 impossibile.

257 1913 335 1991 Quae
357 1937 457 1999 nuper
481 1913 614 1978 diximus
640 1915 678 1980 de
703 1914 825 1979 virtuali
855 1914 1058 1979 continuitate
1082 1914 1183 1999 spatii,
1212 1912 1318 1978 eadem

213 2025 308 2109 repeti
331 2025 445 2089 debent
464 2026 502 2089 de
523 2025 644 2089 virtuali
667 2025 869 2089 continuitate
888 2024 1057 2089 durationis
1073 2023 1230 2103 absolutae,
1251 2046 1319 2109 quae

212 2136 372 2221 aequivalet
401 2136 546 2200 omnibus
577 2136 764 2200 instantibus
794 2135 972 2199 successivis
1000 2133 1207 2219 possibilibus,
1242 2135 1318 2219 quin

214 2249 370 2313 contineat
395 2248 565 2313 formaliter
590 2248 715 2333 aliquod
741 2247 861 2311 instans
887 2245 1101 2310 successivum.
1147 2244 1219 2309 Non
1245 2268 1318 2328 ergo

214 2366 380 2443 generatur
402 2357 534 2436 duratio,
558 2358 612 2421 sed
636 2357 734 2420 solnm
763 2356 980 2421 denominatur
1001 2355 1177 2440 temporalis
1193 2366 1319 2442 propter
1429 2372 1431 2375 ·

170 2542 173 2547 ,
215 2470 436 2535 successionem
452 2469 609 2534 formalem
625 2479 769 2533 motuum
781 2467 1109 2549 sibiaxtrinsecorum:
1125 2489 1181 2530 nec
1195 2466 1319 2553 aliquod

214 2582 333 2645 instans
355 2580 435 2645 reale
456 2580 584 2644 formale
606 2589 653 2643 est
674 2581 705 2644 in
726 2578 847 2645 formali
870 2587 1014 2643 contactu
1032 2600 1101 2642 cum
1117 2577 1176 2642 alio
1190 2578 1318 2642 instanti

214 2693 272 2757 sibi
287 2694 444 2778 proxim03
467 2711 563 2777 quum
590 2700 751 2755 contactus
776 2689 912 2754 formalis
935 2689 1036 2773 exigat
1066 2688 1143 2752 duos
1172 2688 1319 2753 terminos

213 2805 381 2869 formaliter
406 2804 579 2880 existentes,
604 2811 635 2866 et
658 2802 709 2867 hic
734 2824 798 2866 non
828 2801 977 2868 habeatur
1006 2800 1066 2865 nisi
1091 2802 1217 2879 unicus;
1247 2824 1319 2865 nam

212 2917 367 2981 aliusnon
385 2924 431 2979 est
452 2915 514 2979 nisi
531 2913 681 2978 virtualis.
727 2913 803 2977 Haec
823 2912 926 2977 omnia
949 2912 1109 2996 attingunt
1129 2912 1320 2979 difficillimas

214 3030 309 3092 totius
335 3026 550 3113 metaphysica
574 3024 769 3109 quaestiones,
795 3045 872 3108 quas
894 3023 952 3087 hoc
978 3022 1045 3088 loco
1070 3046 1133 3088 non
1155 3046 1319 3109 possumus

212 3128 305 3205 latins
320 3161 488 3225 exponere:
512 3138 565 3201 sad
588 3135 825 3202 declarabuntur
844 3136 877 3198 in
898 3134 965 3199 aliis
987 3136 1178 3216 tractatibuS,
1196 3145 1227 3201 et
1242 3160 1318 3222 prae-

214 3252 319 3315 sertim
334 3249 389 3315 ubi
403 3271 530 3333 agemus
545 3248 583 3311 de
599 3246 699 3310 tribus
713 3246 877 3311 continuis.

219 3400 223 3404 ·
258 3361 479 3427 Concludimus
500 3382 589 3445 posse
612 3358 717 3423 haberi
741 3368 772 3423 et
794 3367 918 3443 tempus
938 3359 1123 3424 continuum
1146 3368 1177 3424 ct
1200 3369 1318 3424 motum
1433 3365 1436 3370 ’

214 3473 338 3539 localem
355 3472 547 3550 continuum,
564 3470 631 3534 sine
649 3476 793 3534 contactu
816 3468 1010 3534 indivisibilis
1031 3493 1101 3535 cum
1121 3470 1318 3536 indivisibili:

214 3597 245 3650 et
268 3586 338 3649 ideo
360 3606 423 3648 non
447 3605 536 3668 posse
561 3581 610 3645 his
637 3579 756 3645 duobus
782 3579 929 3664 applicari
955 3603 991 3644 ea
1014 3582 1179 3662 ratiocinia,
1207 3584 1319 3668 quibus

90 3742 94 3748 -
214 3695 405 3761 ostendimus
420 3715 592 3777 repugnare
607 3691 844 3756 continuitatem
860 3691 1003 3756 materia.

257 3810 310 3872 21.
339 3807 466 3869 Obiieies
480 3807 524 3868 5⁰.
571 3802 686 3867 Saltem
707 3809 811 3865 motus
826 3800 930 3865 localis
952 3823 1016 3865 non
1038 3810 1140 3886 potest
1154 3804 1228 3883 lieri,
1243 3806 1317 3889 quin

214 3912 325 3983 mobile
350 3909 487 4001 tempora¹
513 3915 601 3978 finito
629 3921 821 3999 pertranseat
847 3912 985 3976 infinitas
1015 3913 1225 3995 virtualitates,
1251 3940 1320 4001 quae

215 4030 351 4095 mediant
365 4029 446 4092 inter
461 4027 522 4091 duo
538 4035 652 4111 puncta
661 4026 699 4089 'in
714 4024 814 4109 spatio
827 4023 989 4088 distincta:
1006 4024 1045 4088 ad
1060 4024 1142 4108 quod
1156 4026 1320 4111 requiritur

214 4144 260 4209 vis
283 4142 404 4205 infinita
414 4166 424 4218 3
454 4162 489 4203 ac
514 4146 661 4223 praterea
688 4137 755 4201 istae
781 4135 911 4200 infinitae
937 4134 1137 4200 virtualitates
1163 4137 1319 4203 habebunt

213 4257 343 4341 primam
359 4263 389 4317 et
405 4250 556 4315 ultimam.
603 4249 663 4313 Scd
678 4249 742 4312 baec
758 4255 942 4333 repugnant,
959 4259 993 4311 ut
1009 4247 1186 4313 dictumest
1202 4252 1320 4335 agendo

163 4412 166 4418 ·
215 4365 402 4430 dcmatcria.
448 4363 532 4445 Ergo
549 4361 649 4425 adhuc
665 4369 767 4424 motus
783 4359 885 4423 localis
901 4366 978 4422 esset
995 4359 1200 4443 impossibilis.
