3200 4984
288 358 330 422 ⁷2
719 376 762 419 un
778 374 963 421 enuncians
1239 355 1323 439 [car.
1340 373 1395 416 111.

284 543 379 608 etiam
399 544 535 607 animam
561 542 667 607 bestiae
691 542 801 607 debere
826 510 891 609 esse
916 544 1045 607 formam
1072 542 1243 608 naturalem
1271 541 1394 606 dantem

286 656 421 741 primum
437 656 546 734 vivere,
565 677 627 720 non
651 665 754 721 autem
777 656 907 721 formam
931 655 1164 721 substantialem
1186 655 1310 719 dantem
1333 654 1398 739 pri-

287 790 375 833 mum
400 790 465 832 esse
492 767 625 833 materiae
651 768 767 853 primae.
812 767 925 831 Diffart
950 776 1053 832 autem
1078 766 1180 831 anima
1202 766 1337 830 belluina
1357 764 1394 829 ab

287 878 423 943 humana
436 878 655 957 essentialiter,
679 879 752 964 quia
765 879 910 956 bumana,
922 886 1030 962 utpote
1044 877 1161 941 habens
1187 876 1394 961 operationem

287 990 515 1069 intellectivam,
527 1013 595 1075 quoe
611 1012 674 1053 non
690 990 783 1074 exigit
798 1012 911 1074 organa
927 987 1103 1073 corporalia,
1116 997 1253 1073 separate
1269 988 1395 1053 existere

286 1110 388 1187 potest
403 1113 433 1165 et
449 1100 557 1166 debet:
581 1112 688 1166 eontra
703 1123 773 1165 vero
787 1101 889 1165 anima
903 1101 1048 1181 belluina,
1063 1109 1170 1185 utpote
1192 1122 1256 1164 non
1278 1099 1395 1164 babens
1413 1170 1420 1183 ἱ

288 1212 494 1297 operationem
525 1213 752 1291 intellectivam,
783 1212 838 1277 sed
866 1221 989 1277 tanturn
1019 1212 1195 1277 sensitivam
1229 1211 1394 1296 (adquam

288 1334 447 1391 revocatur
470 1326 605 1410 cognitio
627 1325 818 1413 sensibilium
835 1348 907 1411 quae
921 1333 968 1389 est
982 1326 1015 1389 in
1030 1324 1141 1410 brutis)
1158 1325 1230 1410 quae
1245 1324 1396 1409 dependet

287 1437 457 1502 necessario
485 1460 504 1501 a
532 1460 656 1522 corpore
684 1438 839 1522 organico,
869 1437 977 1522 nequit
1007 1437 1134 1501 existere
1163 1449 1246 1501 extra
1283 1458 1395 1523 corpus

289 1548 469 1634 organicum
485 1547 518 1615 in
531 1548 670 1633 potentia
684 1549 779 1613 vitam
793 1548 919 1613 babens.

334 1660 447 1724 Anima
476 1660 637 1725 brutorum
666 1670 713 1725 est
742 1662 840 1724 forma
870 1659 1007 1745 simplex.
1053 1661 1135 1725 Nam
1160 1660 1231 1725 licet
1258 1660 1396 1743 indigeat

287 1770 464 1855 organismo
478 1771 518 1835 ad
533 1794 619 1836 suam
635 1772 820 1858 praecipuam
836 1773 1054 1857 operationem,
1067 1794 1137 1858 quae
1152 1781 1197 1837 est
1212 1771 1397 1836 sensibiliter

289 1904 480 1967 cognoscere,
500 1892 531 1946 et
561 1906 579 1947 a
607 1883 726 1948 fortiori
751 1906 807 1968 pro
833 1883 900 1948 aliis
926 1884 1154 1969 operationibus
1180 1884 1396 1971 inferioribus3

289 1994 391 2079 ipsum
413 2003 516 2057 tumen
538 2016 722 2079 cognoscere
738 1996 924 2061 sensibiliter
938 2019 1001 2060 non
1016 2004 1119 2081 potest
1133 2019 1199 2063 esse
1212 2019 1231 2061 a
1245 1996 1396 2081 principio

291 2106 469 2190 composito.
519 2106 560 2170 Ilt
590 2106 729 2171 similiter
758 2108 906 2193 appetitio
936 2107 1088 2172 sensibilis
1116 2108 1225 2193 nequit
1253 2109 1397 2193 componi

290 2241 362 2283 cum
389 2218 533 2283 facultate
556 2220 722 2305 appetitiva
745 2221 923 2305 composita.
968 2222 1051 2285 Nam
1075 2220 1101 2285 si
1126 2220 1185 2285 tale
1208 2221 1395 2306 principium

292 2338 371 2395 esset
386 2331 590 2416 compositum
604 2354 640 2396 ex
662 2331 811 2416 partibus,
828 2340 999 2397 moveretur
1019 2331 1057 2396 ab
1077 2332 1203 2396 obiectis
1226 2332 1394 2397 secundum

292 2452 403 2528 partes,
419 2466 490 2527 quae
506 2443 552 2507 vel
573 2443 789 2507 ordinarentur
809 2444 927 2508 diverso
942 2444 1033 2508 modo
1047 2466 1103 2530 pro
1119 2444 1244 2509 diversis
1259 2443 1395 2524 obiectis,

292 2556 339 2620 vel
354 2556 462 2619 saltem
479 2555 618 2627 subirent
633 2556 782 2621 diversam
797 2556 948 2621 rationem
964 2564 1074 2621 motus.
1123 2556 1192 2621 Hoc
1210 2558 1312 2621 autem
1331 2580 1397 2621 esse

291 2690 354 2732 non
381 2675 482 2751 potest
493 2694 502 2744 3
536 2668 609 2752 quia
630 2668 742 2731 animal
767 2669 852 2732 fieret
879 2668 1043 2747 diversum,
1068 2667 1142 2731 dum
1166 2667 1323 2752 cognoscit
1347 2667 1397 2731 vel

291 2779 409 2863 appetit
436 2778 572 2843 diversa:
596 2788 766 2844 mutaretur
785 2781 868 2844 enim
891 2780 1055 2844 intrinsece
1075 2779 1141 2843 eius
1159 2780 1265 2843 forma.
1312 2779 1395 2844 Prae·

290 2900 382 2968 terea,
410 2897 529 2954 mutato
558 2889 686 2969 obiecto,
712 2891 835 2955 deberet
864 2892 978 2955 mutari
1007 2891 1193 2956 coordinatio
1219 2891 1266 2956 vel
1292 2900 1396 2956 motus

287 3001 423 3087 partium
438 3001 555 3065 formae.
602 3001 688 3065 Sicut
703 3024 776 3087 ergo
790 3003 943 3067 obiectum
961 3003 1071 3068 mutari
1086 3013 1188 3089 potest
1202 3004 1395 3069 instantanee

289 3114 322 3177 in
334 3104 497 3198 'quodlibet
512 3111 607 3192 aliud,
623 3113 666 3177 ita
681 3112 803 3178 deberet
818 3116 932 3180 mutari
946 3115 1044 3182 forma
1057 3115 1251 3181 instantanee
1265 3117 1298 3180 in
1318 3139 1395 3201 quo-

289 3227 366 3291 libet
382 3248 494 3310 genere
507 3225 727 3291 mutationum.
772 3228 870 3292 Nulla
885 3236 987 3292 autem
1002 3251 1050 3293 res
1065 3229 1232 3314 composita
1247 3253 1282 3294 ex
1301 3231 1396 3315 parti-

289 3338 349 3402 bus
369 3346 416 3401 est
434 3336 582 3421 disposita
605 3336 644 3400 ad
664 3338 879 3403 assumendam
895 3361 1119 3425 quamcumque
1134 3341 1394 3405 coordinationem

289 3447 466 3512 immediate
491 3456 522 3511 et
545 3448 748 3529 instantanee,
773 3459 804 3513 et
826 3450 893 3513 sine
917 3449 1050 3513 transitu
1075 3473 1130 3536 per
1152 3451 1396 3516 coordinationes

290 3560 494 3625 intermedias.
542 3560 726 3645 Sequeretur
754 3583 838 3646 ergo,
865 3561 949 3647 quod
977 3561 1101 3641 animal,
1127 3572 1248 3627 mutato
1276 3564 1395 3629 obiecto

290 3671 443 3736 sensibilis
472 3670 668 3755 cognitionis,
699 3671 823 3739 deberet
852 3672 1014 3738 innumera
1043 3672 1161 3738 obiecta
1188 3675 1246 3740 sibi
1282 3698 1394 3761 reprae-

174 3859 181 3875 .
289 3792 419 3863 sentare,
436 3789 471 3846 ut
486 3790 620 3846 trauseat
635 3782 759 3847 tandem
776 3782 816 3847 ad
836 3782 988 3847 obiectum
1008 3805 1155 3868 praesens.
1202 3786 1270 3850 Hoc
1290 3796 1394 3851 autem

267 3904 271 3911 '
289 3918 353 3959 non
369 3904 415 3959 est
427 3915 541 3959 verum.
586 3894 670 3977 Ergo
684 3893 791 3973 forma,
805 3916 875 3979 quae
890 3901 936 3958 est
951 3894 1135 3979 principium
1148 3897 1220 3962 vitae
1234 3897 1267 3961 in
1283 3898 1393 3979 brutis,

289 4015 420 4070 nonest
441 4007 618 4091 composita.
663 4005 747 4070 Addi
765 4015 896 4092 possunt
919 4007 1061 4087 rationes,
1078 4009 1191 4094 quibus
1212 4010 1246 4074 in
1260 4014 1393 4099 psycho-

289 4115 372 4199 logia
390 4113 511 4199 probari
533 4114 610 4179 solet
627 4116 772 4195 animam,
788 4119 876 4181 etiam
890 4124 924 4181 at
938 4126 982 4182 eat
990 4120 1172 4202 prinnpium
1185 4124 1394 4204 annectionem,

290 4250 351 4291 non
368 4248 458 4310 posse
472 4248 537 4289 esse
553 4226 762 4310 compositam.

288 4389 291 4400 .
333 4339 446 4402 Anima
460 4336 621 4401 brutorum
637 4346 683 4401 est
698 4347 764 4402 tota
777 4339 811 4402 in
832 4348 899 4403 toto
918 4362 1053 4425 corpore,
1069 4351 1099 4406 et
1121 4351 1186 4408 tota
1205 4345 1239 4409 in
1262 4346 1394 4432 singulis
