3200 4984
197 393 272 437 car.
289 373 361 456 un]
572 393 689 438 nuncu
706 394 941 441 ιιιιιιιιιιιιιιιι.
1258 377 1302 438 49

197 543 470 625 determinationis,
492 568 554 631 qua
576 569 608 610 se
629 556 738 609 mutuo
762 545 974 627 determinant
989 545 1118 630 singulae
1139 556 1241 631 partes
1263 546 1301 610 ad

196 658 261 735 tale
276 639 461 722 exercitium
473 655 583 721 virium
606 657 772 721 antivarum
793 679 828 721 ac
846 657 1044 742 passivorum.
1091 658 1180 721 Hanc
1201 667 1301 721 muta·

196 749 311 833 tionem
333 766 595 831 determinationis
615 766 733 831 inducit
756 790 848 831 censa
866 768 998 832 efficiens
1018 768 1222 852 generationis
1247 790 1302 852 per

196 859 428 965 impressionem
453 889 555 942 motus
581 878 694 959 localis,
725 880 778 963 qui
809 863 885 943 dum
913 880 1057 944 immutat
1087 879 1299 944 distantiarum

196 991 369 1070 relationes,
391 989 473 1055 ultra
497 990 529 1054 id
553 990 637 1074 quod
662 999 779 1054 naturae
803 991 895 1056 alicui
918 1003 1092 1077 competere
1112 992 1219 1076 possit,
1242 992 1298 1054 im-

196 1113 297 1168 mutat
312 1104 404 1168 etiam
427 1111 647 1185 consequenter
669 1091 859 1186 conditiones
878 1104 1039 1188 requisitas
1057 1104 1098 1168 ad
1116 1103 1250 1167 actiones
1270 1112 1302 1166 et

197 1217 352 1300 passiones
374 1215 511 1300 proprias
534 1214 605 1278 talis
627 1223 762 1280 naturae:
793 1216 877 1279 unde
903 1216 1022 1280 situlis
1046 1214 1221 1280 immutatio
1246 1213 1300 1278 fiat

197 1329 352 1406 durabilis,
375 1337 411 1392 ut
431 1350 528 1412 quum
548 1350 584 1391 ex
604 1328 687 1411 garis
704 1329 739 1391 fit
760 1350 850 1412 aqua,
873 1329 991 1392 utimur
1014 1350 1093 1392 novo
1115 1326 1242 1392 nomine
1260 1323 1300 1388 ad

197 1440 419 1526 designandam
433 1447 574 1504 naturam
589 1439 675 1502 illam
695 1461 807 1503 novam
829 1442 965 1525 (propter
986 1461 1081 1504 novas
1099 1437 1300 1525 proprietates

198 1553 310 1638 quibus
325 1552 463 1637 gaudet),
487 1561 517 1615 et
532 1574 674 1616 vocamus
696 1574 828 1636 aquam:
851 1574 920 1637 qnae
934 1561 1045 1616 natura
1059 1574 1156 1636 quum
1171 1554 1211 1616 sit
1227 1550 1299 1614 sub·

199 1664 359 1743 stantialis,
377 1663 452 1742 ideo
481 1663 611 1727 dicimus
637 1664 729 1726 etiam
759 1687 826 1726 eam
849 1686 957 1728 novam
989 1664 1203 1744 substantiam,
1229 1662 1300 1726 licet

198 1800 261 1842 non
285 1779 324 1841 sit
346 1799 424 1841 nova
446 1786 482 1839 ut
505 1775 686 1854 substantia,
711 1775 764 1838 sed
785 1798 863 1840 nova
885 1786 921 1840 ut
940 1777 1125 1861 principium
1140 1775 1300 1840 cuiusdam

198 1889 326 1954 actionis
346 1889 393 1954 vel
415 1887 564 1972 passionis
579 1887 795 1966 determinatae.
843 1888 875 1951 Si
897 1910 968 1952 vero
988 1887 1162 1952 immutatio
1181 1886 1300 1950 nonsit

198 2001 338 2066 durativa
363 2001 396 2064 in
422 2001 460 2063 iis
486 1999 713 2063 conditionibus
738 1998 883 2085 physicis,
909 1999 942 2063 in
969 1987 1081 2085 quibus
1102 1999 1243 2080 vivimus,
1265 2008 1301 2063 ut

197 2129 346 2201 quum'ex
361 2138 439 2201 aqua
453 2115 488 2177 fit
504 2114 625 2199 glacies,
641 2122 715 2178 tunc
729 2113 777 2177 vel
792 2137 855 2177 non
870 2114 979 2178 damus
992 2136 1107 2179 norum
1128 2134 1240 2177 nornen
1261 2112 1301 2177 ad

198 2227 419 2312 designandam
452 2236 592 2300 naturam
628 2234 815 2310 generatam,
844 2225 899 2289 sed
928 2227 1044 2292 utimur
1077 2225 1224 2310 epitheto,
1253 2224 1302 2288 rel

199 2340 308 2432 damus
337 2361 448 2403 nomen
479 2360 604 2417 novum,
636 2337 688 2401 red
718 2336 794 2421 quin
824 2336 1033 2421 intelligamus
1063 2337 1164 2400 dicere·
1191 2357 1300 2400 novam

198 2461 350 2531 naturam,
366 2449 420 2514 sed
435 2458 555 2524 tantum
570 2448 697 2513 eandem
713 2458 854 2528 naturum
869 2449 929 2514 alio
949 2447 1041 2512 modo
1055 2448 1203 2528 affectam.
1250 2447 1301 2514 sic

198 2563 280 2628 soliti
309 2585 417 2626 sumus
445 2560 635 2627 considerare
661 2559 789 2625 calorem
819 2570 976 2646 tamquam
1001 2560 1142 2625 accidens
1165 2560 1197 2623 in
1222 2580 1300 2644 aqua
1399 2570 1403 2578 ‘

196 2675 305 2754 calida,
327 2682 358 2738 et
381 2673 480 2756 frigus
501 2682 658 2756 tamquam
682 2673 898 2757 proprietatem
918 2694 1015 2756 aquae,
1037 2681 1074 2736 ut
1096 2672 1159 2749 sic;
1182 2673 1216 2735 in
1238 2693 1300 2757 quo

198 2797 302 2850 tamen
318 2785 466 2850 servimus
480 2783 667 2869 praeiudicia,
683 2805 746 2848 non
763 2784 990 2863 considerantes
1005 2783 1088 2868 qnod
1101 2783 1201 2867 frigus
1214 2802 1301 2867 aquae

198 2898 320 2964 advenit
343 2921 379 2961 ex
401 2905 543 2962 contactu
564 2918 636 2960 eum
658 2896 788 2979 frigidis,
812 2896 892 2960 sicut
913 2894 994 2960 calor
1013 2919 1050 2959 ex
1068 2903 1212 2960 contactu
1230 2915 1301 2959 cum

198 3011 322 3083 calidis;
341 3025 381 3072 'ex
395 3031 457 3093 quo
478 3009 522 3087 tit,
541 3017 577 3072 ut
597 3029 730 3092 aquaex
750 3030 782 3071 sc
805 2992 995 3097 considerata
1017 3006 1098 3072 dicat
1116 3006 1239 3091 plenam
1253 3007 1301 3084 in,-

199 3121 400 3212 differentiam
423 3120 462 3208 ad
484 3129 667 3203 utrumque3
698 3127 728 3182 et
750 3118 844 3204 quod,
868 3119 895 3182 si
917 3117 1008 3182 clima
1029 3127 1108 3182 esset
1138 3118 1301 3196 diversum,

199 3256 279 3318 aqua
301 3231 448 3296 naturalis
466 3211 591 3310 heberet
612 3230 765 3295 diversum
788 3229 918 3313 gradum
934 3229 1062 3294 calorici.
1109 3229 1170 3293 sed
1191 3229 1230 3292 de
1245 3229 1303 3306 hoe

198 3345 374 3431 praeiudicio
388 3365 515 3427 agemus
529 3343 562 3406 in
577 3350 709 3407 tractatu
724 3341 762 3406 de
777 3340 995 3405 accidentibus.

244 3457 284 3520 ln
307 3455 441 3520 secundo
466 3476 539 3520 casu
562 3453 668 3518 eadem
694 3453 773 3518 velet
795 3453 1022 3536 consequentia.
1067 3452 1147 3515 Nam
1172 3451 1303 3532 exclusis

199 3568 247 3632 vel
269 3567 455 3631 introductio
475 3567 651 3651 aliquarum·
668 3564 801 3654 partium
828 3565 875 3646 (ut
898 3565 934 3627 fit
958 3565 991 3627 in
1013 3563 1247 3628 fermentatione
1273 3573 1303 3626 et

199 3679 422 3762 combustione)
454 3678 541 3754 dicit¹
559 3676 658 3741 solum
688 3697 780 3740 novas
805 3675 922 3760 aliquas
944 3675 1023 3739 vires
1047 3674 1302 3754 determinabiles,

199 3791 302 3877 quoad
327 3790 514 3867 exercitium,
538 3811 592 3873 per
620 3787 812 3852 conditiones
833 3787 1032 3862 accidentales
1055 3787 1219 3866 distantiae,
1241 3786 1303 3851 dis-

199 3901 360 3989 positionis
375 3909 433 3965 etc.
478 3899 556 3974 Quae
570 3899 658 3978 vires,
673 3899 823 3984 quamdiu
841 3920 904 3961 non
923 3905 995 3962 sunt
1017 3886 1183 3976 tali'modo
1204 3898 1304 3964 deter-

200 4015 334 4094 minatae,
357 4034 420 4075 non
444 4017 570 4076 causant
588 4008 665 4074 tales
691 4009 908 4074 determinatas
930 4010 1141 4094 proprietates.
1185 4009 1228 4073 Et
1250 4011 1304 4089 sic,

198 4121 291 4192 etiam
307 4125 341 4188 in
355 4123 414 4187 hoc
428 4145 511 4202 casu,
528 4121 614 4186 radix
628 4121 763 4208 proxima
782 4121 1005 4206 proprietatum
1021 4121 1198 4186 snbstantiae
1213 4146 1305 4207 gene-

200 4249 272 4302 ratae
292 4255 355 4300 non
374 4244 464 4299 erunt
484 4233 544 4298 illae
558 4234 632 4318 ipsae
648 4233 725 4298 vires
743 4234 886 4317 (possunt
906 4234 990 4298 enirn
1008 4234 1121 4315 eaedem
1141 4236 1229 4314 vires,
1250 4258 1305 4320 pro

199 4351 317 4416 diverso
333 4369 424 4430 nexis,
440 4347 572 4412 diverses
589 4346 723 4410 actiones
743 4369 872 4425 exercre,
889 4356 922 4410 ut
937 4370 973 4411 ex
989 4346 1163 4428 mechanica
1179 4348 1302 4430 scimus)

1112 4480 1131 4519 n
