3200 4984
319 350 383 415 146
634 372 677 415 nr
694 372 899 416 suassanrra
915 373 1098 418 corrosas.
1283 354 1366 439 [aar.
1385 374 1426 417 11.

321 558 401 617 sero,
430 546 585 603 emsoente
617 537 829 604 indesinenter
862 538 1017 605 distantia.
1076 539 1161 623 Ergo
1190 548 1221 603 et
1250 538 1347 604 virtus
1375 538 1431 603 illa

321 648 441 734 agentis
466 649 566 715 tendit
590 650 630 715 ad
655 672 734 731 aero,
754 651 787 715 id
811 659 857 716 est
884 649 959 716 dicit
985 651 1271 717 determinationem
1298 652 1336 716 ad
1355 673 1427 736 pro-

321 760 477 827 duoendas
506 761 663 847 passiones
691 762 826 827 minores
855 770 886 827 et
911 763 1044 827 minores
1074 764 1107 827 in
1136 763 1303 843 infinitum,
1334 770 1428 847 prout

322 873 470 939 dilatatur
484 874 628 959 spatium,
644 896 737 960 quare
756 873 915 959 ubiquitas
929 875 1116 960 potentialis,
1132 897 1200 960 quae
1215 874 1310 939 tribui
1324 882 1428 959 potest

321 984 429 1051 virtuti
439 985 598 1066 materiali,
610 1008 674 1051 non
686 986 786 1050 solum
795 986 888 1050 babet
897 987 1036 1052 ordinem
1047 987 1085 1051 ad
1097 996 1199 1052 aetum
1210 985 1427 1052 accidentalem

321 1098 355 1162 in
370 1098 430 1164 alio
443 1107 610 1183 receptum,
623 1098 677 1163 sed
691 1099 783 1163 etiam
798 1108 845 1163 est
861 1098 1002 1163 deficiens
1017 1108 1048 1164 at
1061 1100 1202 1164 deficiens
1212 1100 1246 1163 in
1256 1099 1426 1163 infinitum.

321 1209 363 1273 llt
388 1209 453 1275 base
475 1208 654 1290 ostendunt,
670 1210 753 1295 qnod
776 1209 933 1296 ubiquitas
956 1211 1095 1277 virtmlis
1121 1212 1167 1276 vis
1192 1210 1356 1275 materialis
1379 1218 1426 1275 est

320 1320 466 1405 perfectio
489 1322 576 1387 valde
601 1321 751 1387 limitata:
774 1344 961 1408 quamquam
985 1346 1022 1387 ex
1047 1323 1136 1388 dietis
1162 1346 1194 1387 n.
1218 1345 1307 1407 praeo.
1332 1322 1425 1386 etiam

320 1454 434 1518 negare
453 1456 617 1519 possumus
638 1457 706 1499 eam
728 1456 909 1499 asseverem
926 1435 1128 1520 ubiquitatem
1141 1434 1311 1515 virtualem,
1327 1457 1426 1520 quum

321 1553 441 1611 oonstet
455 1568 523 1611 eam
538 1546 577 1611 ad
592 1568 749 1612 summum
764 1546 808 1611 sie
823 1546 932 1611 debere
949 1546 1091 1631 intelligi,
1107 1557 1143 1610 ut
1162 1546 1287 1611 denotet
1307 1546 1426 1630 simpli-

321 1657 398 1723 citer
411 1657 571 1743 possibiles
585 1660 764 1724 alitationes
784 1660 987 1723 elementorum
1005 1658 1059 1722 tali
1074 1658 1181 1723 virtuti
1196 1658 1424 1737 subiioibilium,

321 1790 389 1853 quae
403 1778 533 1853 possunt
548 1792 613 1834 esso
626 1769 804 1835 remotiores
818 1777 849 1834 et
864 1770 1040 1834 remotiores
1054 1770 1222 1835 indefinite.

363 1880 416 1945 60.
444 1882 571 1946 Obiicies
591 1886 637 1947 4⁰.
682 1882 831 1947 Aotivitas
851 1882 993 1947 elementi
1015 1882 1180 1947 materialis
1194 1882 1243 1947 vel
1265 1882 1339 1947 dicit
1359 1884 1425 1947 eius

319 1988 533 2072 substantiam,
547 1992 596 2057 vel
621 1992 688 2058 eius
708 1993 898 2079 qualitatem.
945 1994 977 2058 Si
1000 2016 1073 2079 ergo
1096 1994 1318 2059 difftruderetur
1337 1995 1424 2059 inde-

318 2102 414 2184 finite,
431 2104 595 2169 dicendum
614 2113 704 2186 esset,
721 2104 926 2169 substantiam
949 2106 1147 2186 materialem,
1163 2114 1217 2171 aut
1239 2106 1305 2170 eius
1325 2107 1424 2191 quali-

317 2221 425 2295 tatem,
449 2216 580 2281 diffmdi
601 2217 770 2282 indefinite.
825 2218 868 2281 At
890 2216 948 2282 hoe
970 2226 1132 2303 repugnat.
1187 2219 1268 2283 Nam
1292 2218 1423 2303 qualitas

316 2327 425 2413 nequit
439 2327 572 2394 diffundi
585 2328 667 2393 ultra
682 2328 897 2408 substantiam,
913 2329 1000 2392 cuius
1015 2338 1062 2392 est
1077 2328 1227 2413 qualitas:
1251 2328 1423 2395 substantia

316 2461 387 2504 vero
409 2440 573 2505 materialis
594 2462 658 2506 non
680 2448 737 2521 est,
759 2440 821 2505 nisi
842 2440 897 2505 ubi
919 2450 965 2505 est
987 2441 1124 2505 materia.
1168 2441 1266 2526 Atqui
1296 2442 1422 2506 materia

316 2551 460 2617 elementi
481 2560 528 2617 est
549 2552 675 2617 unicum
697 2560 850 2638 punctum
873 2552 1002 2636 simplex
1021 2551 1137 2616 habens
1152 2554 1203 2615 abi
1217 2551 1421 2631 indivisibile;

316 2685 389 2748 ergo
413 2663 586 2730 substantia
610 2664 777 2730 materialis
801 2672 848 2729 est
872 2664 905 2728 in
928 2666 980 2728 ubi
1002 2663 1190 2743 indivisibili,
1206 2671 1238 2728 et
1263 2663 1332 2728 ideo
1357 2687 1420 2728 non

315 2774 501 2840 diffunditur
514 2799 568 2861 per
583 2777 716 2861 spatium
731 2776 900 2840 indefinite.

359 2884 550 2971 Respondes,
568 2888 754 2952 activitatem
777 2909 840 2951 non
863 2908 928 2951 esse
949 2886 1072 2970 proprie
1095 2885 1297 2950 substantiam
1320 2907 1419 2971 neque

314 2996 494 3082 qualitatem
520 3000 600 3084 (quae
621 3008 668 3064 est
689 2999 854 3083 accidens),
871 2998 924 3063 sed
947 2998 1164 3084 proprietatem
1181 2997 1373 3063 essentialem
1388 3006 1419 3063 et

316 3107 549 3174 substantialem
571 3110 713 3175 elementi
735 3110 910 3175 materialis.
957 3109 1050 3174 Unde
1072 3132 1128 3173 neo
1151 3109 1339 3194 qualitatem,
1363 3132 1419 3174 neo

315 3218 519 3284 substantiam
541 3220 672 3285 dicimus
692 3221 825 3286 diffundi
844 3220 1003 3284 indefinite
1025 3242 1080 3304 per
1099 3220 1243 3305 spatium,
1269 3220 1322 3283 sed
1343 3219 1418 3285 dioi-

313 3353 383 3396 mus
406 3332 449 3414 id,
466 3332 635 3397 seeundum
658 3334 740 3419 quod
761 3332 932 3397 substantia
954 3342 1000 3397 est
1023 3333 1129 3411 activa,
1154 3339 1184 3396 et
1207 3332 1291 3417 quod
1314 3340 1417 3397 totum

312 3441 445 3507 babetur
472 3444 714 3508 substantialiter
739 3444 772 3508 in
801 3466 837 3508 eo
866 3452 981 3527 puncto
1010 3442 1198 3522 indivisibili,
1221 3443 1254 3507 in
1280 3465 1342 3528 quo
1372 3451 1419 3509 est

311 3555 438 3620 materia
466 3555 619 3635 elementi,
648 3555 759 3620 habere
787 3555 958 3639 potentiam
988 3554 1170 3618 aetuativam
1200 3562 1302 3619 motus
1331 3565 1417 3621 extra

312 3666 391 3732 illud
418 3676 570 3753 punctum
599 3666 639 3731 ad
671 3687 793 3731 omnem
824 3664 1002 3729 distantiam
1032 3662 1236 3749 cogitabilom.
1295 3663 1337 3728 Et
1365 3665 1417 3730 hio

312 3787 447 3861 notetur,
469 3779 552 3866 quod
580 3801 677 3865 quum
700 3778 780 3842 aetio
802 3784 947 3861 sequatur
969 3774 1009 3840 ad
1038 3798 1114 3855 esse,
1136 3774 1222 3839 radix
1253 3776 1416 3841 activitatis

311 3891 479 3956 necessario
497 3899 545 3955 est
563 3891 597 3954 in
614 3890 722 3965 forma,
738 3909 807 3973 quae
830 3886 883 3951 dat
905 3908 971 3951 esse
994 3886 1148 3951 materiae:
1172 3885 1256 3951 unde
1277 3887 1415 3953 aotivitas

311 4012 358 4068 est
379 4004 549 4089 proprietas
572 3999 747 4087 potentialis
767 4000 886 4078 sormae,
902 4020 958 4063 nec
978 3998 1092 4083 pendet
1107 4021 1125 4062 a
1139 4006 1255 4083 puncto
1270 4000 1414 4080 materiae,

311 4114 373 4179 nisi
402 4114 502 4201 quoad
529 4113 736 4178 directionem.
791 4111 902 4196 Itaque
931 4111 1030 4175 forma
1062 4110 1139 4174 dans
1172 4132 1238 4175 esse
1270 4113 1415 4191 materiae,

310 4236 341 4291 et
360 4227 550 4292 constituens
570 4224 774 4290 substantiam
793 4222 947 4301 elementi,
964 4231 1028 4286 tota
1042 4229 1089 4287 est
1109 4222 1143 4285 in
1157 4229 1283 4306 puneto,
1299 4222 1353 4289 ubi
1368 4234 1415 4288 est

309 4346 396 4403 aetus
412 4336 533 4403 essendi
548 4337 580 4401 in
596 4359 649 4416 se,
672 4335 726 4401 sed
743 4334 881 4420 potentia
899 4356 936 4397 ex
950 4334 1007 4398 hae
1021 4333 1088 4417 ipsa
1101 4333 1200 4397 forma
1214 4335 1416 4401 essentialiter
