3200 4984
216 388 284 431 car.
302 367 342 451 a]
575 386 617 429 aa
634 384 959 429 rn1nuscour1uu1s.
1064 410 1067 416 .
1247 362 1313 427 267·

261 555 442 641 Respondeo
456 577 481 621 c.
501 557 550 621 M.
571 580 601 620 a.
620 560 690 621 mia.
716 556 767 621 Ad
788 556 874 642 prob.
895 580 925 620 a.
945 556 1026 620 Mai.
1052 555 1134 618 Nam
1156 554 1312 640 quantitas
1395 554 1399 562 ’

216 677 356 732 censetur
379 668 473 733 divisa
494 677 570 734 tunc
591 678 724 748 tautum,
747 668 870 757 quando
892 668 994 754 aliqua
1015 668 1081 732 eius
1102 690 1173 753 pars
1194 666 1233 730 ab
1253 666 1313 730 alia

215 787 301 864 parte
316 789 489 864 separatur:
512 780 643 845 absurda
657 780 738 845 enim
754 788 800 844 est
815 780 921 844 divisio
941 778 1107 843 seeundum
1121 787 1233 843 totum.
1279 780 1312 843 Si

215 913 288 975 ergo
300 892 408 957 Petrus
417 903 550 977 ponatur
560 900 644 957 totns
653 894 758 957 Romae
772 902 804 957 et
817 901 902 977 totus
914 892 1057 971 londini,
1072 892 1137 955 eius
1157 893 1312 976 quantitas

215 1025 278 1069 non
291 1004 446 1086 dividitur,
459 1005 512 1069 sed
526 1014 649 1069 tantum
664 1005 783 1069 duobus
798 1004 872 1069 locis
886 1003 1039 1069 «inunctis
1053 1003 1274 1088 correspondet.

202 1163 206 1167 -
257 1118 398 1182 lactabis.
420 1118 530 1181 Petrus
551 1117 658 1204 nequit
678 1116 789 1181 distare
811 1116 931 1181 realiter
952 1117 1103 1201 aseipso3
1126 1139 1200 1201 ergo
1213 1139 1313 1202 neque

215 1228 348 1293 bilocari.
394 1229 477 1293 Nam
499 1228 644 1293 distantia
665 1229 753 1293 realis
775 1228 910 1314 postulat
933 1228 1010 1293 duos
1032 1228 1178 1292 terminos
1199 1228 1311 1293 reales:

216 1342 270 1405 sed
288 1341 370 1405 idem
385 1342 494 1405 Petrus
510 1350 557 1405 est
571 1364 652 1405 unus
666 1341 817 1405 terminus
831 1340 921 1405 realis
934 1348 1065 1404 tantum.
1109 1341 1202 1423 Ilugo.

259 1453 440 1537 Respondeo
454 1454 523 1518 dist.
539 1462 602 1518 ant.
618 1454 734 1517 ratione
754 1452 932 1518 substantiae
951 1476 1030 1517 conc.
1046 1461 1108 1517 ant.
1123 1452 1240 1516 ratione
1253 1452 1313 1516 loci

215 1587 286 1647 nepo
301 1573 362 1628 oct.
408 1564 459 1628 Ad
472 1564 682 1649 probationem
698 1566 768 1629 dist.
787 1564 868 1629 Mai.
889 1564 1000 1628 debent
1020 1586 1085 1628 esse
1104 1563 1166 1627 duo
1180 1563 1312 1642 termini,

215 1676 309 1740 idest
325 1676 394 1740 duae
412 1675 577 1740 locationes
598 1699 677 1740 conc.
698 1676 779 1740 Mai.
794 1676 889 1740 idest
908 1675 976 1739 duae
996 1675 1171 1739 substantia
1185 1699 1215 1739 a.
1231 1676 1312 1740 Mai.

216 1790 298 1853 Dira
324 1790 395 1852 mia.
439 1789 549 1853 Petrus
574 1796 620 1853 est
645 1810 727 1853 uuus
752 1789 902 1853 terminus
928 1788 1168 1852 substantialiter
1190 1810 1216 1851 e.
1240 1790 1312 1851 mia.

214 1897 351 1963 localiter
373 1921 402 1961 n.
423 1899 494 1963 mia.
519 1908 548 1963 et
570 1922 648 1963 coru.
703 1898 881 1962 Substantia
904 1898 987 1961 Petri
1009 1920 1072 1961 uon
1096 1906 1142 1962 est
1164 1897 1314 1961 terminus

216 2010 368 2075 distantiae
387 2012 504 2074 ratione
524 2011 581 2088 sui,
597 2019 628 2075 et
641 2019 677 2074 ut
693 2012 745 2089 sic,
761 2009 814 2074 aed
829 2018 865 2074 ut
879 2010 1012 2074 emstcns
1025 2010 1058 2073 in
1072 2011 1148 2074 loco.
1194 2010 1227 2072 Si
1240 2032 1313 2093 ergo

216 2120 388 2205 duplicetur
401 2121 486 2184 locus
501 2121 593 2201 illius,
604 2120 808 2206 duplicabitur
822 2120 1091 2201 terminuslocalis,
1107 2130 1138 2184 et
1152 2120 1314 2185 habebitur

216 2231 369 2295 distantia.
415 2233 497 2295 Nam
518 2232 664 2296 distantia
683 2254 746 2295 uon
767 2231 912 2295 definitur
930 2232 1036 2296 relatio
1055 2231 1135 2296 inter
1155 2254 1265 2315 corpus
1282 2240 1313 2295 et

215 2365 336 2429 corpus,
357 2344 411 2408 sed
429 2344 535 2408 relatio
554 2344 635 2408 inter
654 2346 704 2407 abi
719 2354 749 2407 et
764 2346 824 2424 ubi,
844 2345 917 2429 qnia
935 2344 1068 2408 ubicatio
1088 2354 1135 2408 est
1154 2344 1232 2407 ratio
1252 2345 1313 2409 for·

216 2456 315 2535 malis,
332 2455 388 2519 sub
404 2478 465 2540 qua
479 2455 709 2520 considerantur
722 2457 847 2520 termini
859 2457 894 2519 in
907 2456 982 2520 loco.

259 2568 358 2631 Dices.
382 2567 453 2631 Una
474 2568 629 2652 quantitas
648 2590 709 2631 non
735 2576 836 2653 potest
860 2590 1006 2653 occupare
1025 2568 1088 2633 duo
1106 2568 1171 2632 loca
1190 2567 1295 2632 totalia
1303 2594 1314 2646 ς

215 2700 288 2761 ergo
303 2701 359 2743 nec
374 2701 472 2743 unum
492 2702 602 2763 corpus
622 2702 687 2743 esse
706 2680 907 2765 quantitative
920 2681 954 2743 in
969 2680 1089 2744 duobus
1102 2680 1186 2744 locis.
1232 2679 1313 2743 Gon-

216 2790 373 2873 sequentia
392 2798 486 2875 patet.
532 2791 614 2855 Nam
628 2814 727 2855 unum
744 2813 854 2875 corpus
868 2814 931 2855 non
946 2792 1037 2856 habet
1051 2792 1113 2856 nisi
1126 2815 1219 2856 uuam
1233 2799 1314 2856 tota·

216 2899 277 2964 lem
297 2903 499 2986 quantitatem
508 2928 518 2980 ;
541 2911 572 2966 et
587 2903 612 2966 si
627 2904 704 2969 duas
723 2904 860 2980 haberet,
880 2904 975 2969 altera
994 2928 1056 2969 non
1076 2913 1155 2969 emet
1175 2927 1240 2983 aua,
1259 2905 1313 2968 aed

216 3014 399 3078 adventitia:
421 3014 503 3078 unde
518 3038 572 3099 per
590 3016 674 3079 illam
694 3017 816 3101 proprie
835 3038 898 3080 nou
917 3016 1076 3081 locaretur.
1120 3017 1312 3081 Antecedens

215 3147 286 3189 vero
307 3125 475 3211 probatnr3
498 3150 569 3191 narn
596 3151 657 3193 uua
681 3130 779 3193 forma
808 3130 915 3214 nequit
942 3129 1053 3194 habere
1082 3130 1159 3194 dnos
1188 3130 1313 3194 effectus

215 3236 357 3300 formales
381 3236 563 3323 adaquatos.
609 3240 671 3303 Sed
691 3240 848 3324 occupatio
863 3240 921 3305 loci
935 3250 982 3305 est
996 3243 1083 3326 quasi
1102 3243 1228 3306 effectus
1245 3242 1312 3326 qui-

216 3348 287 3411 dam
301 3347 436 3412 formalis
451 3350 640 3435 quantitatis.
696 3351 779 3436 Ergo
801 3375 864 3415 una
877 3354 1033 3437 quantitas
1047 3354 1153 3437 nequit
1167 3375 1313 3439 occupem

216 3459 278 3523 duo
293 3458 358 3523 loca
372 3459 487 3523 totalia.
533 3461 638 3525 Minor
652 3470 733 3526 certa
742 3471 807 3540 est;
829 3486 901 3527 nam
910 3464 1066 3551 quantitas
1074 3474 1201 3549 occupat
1210 3466 1312 3529 locum

217 3569 317 3633 dando
343 3569 472 3654 seipsam
494 3571 570 3645 loco,
595 3583 625 3636 et
645 3572 771 3656 proinde
793 3573 976 3638 admodum
997 3597 1094 3640 causae
1116 3576 1261 3654 formalis,
1279 3575 1312 3639 id

215 3689 263 3743 cst
278 3681 529 3746 communicando
543 3684 697 3767 propriam
711 3685 880 3750 entitatem.
925 3686 976 3751 Ita
989 3688 1051 3751 fere
1063 3687 1243 3751 Goudiuius.

260 3791 440 3876 Respondeo
457 3816 522 3877 nep.
542 3804 601 3857 unt.
648 3795 698 3858 Ad
718 3798 783 3860 eius
806 3797 1015 3881 probationem
1039 3822 1117 3863 conc.
1142 3802 1223 3863 Mai.
1246 3822 1311 3882 nep.

216 3906 285 3967 mia.
330 3903 380 3966 Ad
395 3904 486 3968 huius
505 3906 713 3990 probationem
733 3931 806 3991 nepo
820 3918 882 3974 ant.
898 3919 928 3973 et
943 3933 1062 3996 conseq.
1106 3912 1148 3976 Et
1163 3912 1240 3976 ratio
1254 3922 1310 3992 est,

215 4014 287 4100 quia
304 4015 458 4099 quantitas
482 4038 641 4101 corporum
665 4020 826 4104 dupliciter
848 4024 976 4107 spectari
997 4033 1108 4108 potest,
1132 4024 1245 4089 scilicet
1265 4025 1311 4089 vel

215 4127 309 4193 relate
323 4126 362 4190 ad
376 4150 517 4207 massam,
532 4130 579 4193 vel
592 4130 686 4195 relate
700 4131 739 4194 ad
753 4132 905 4198 volumen.
950 4133 1114 4209 Quantitas
1127 4158 1234 4202 massae
1248 4160 1311 4202 non

216 4250 263 4305 est
276 4246 357 4307 certe
371 4261 416 4318 ea,
432 4240 599 4305 secundum
619 4265 711 4327 quam
734 4244 853 4328 corpori
876 4246 1021 4330 competit
1043 4268 1189 4333 occupare
1209 4248 1312 4314 locum

217 4349 469 4430 determinatum
492 4374 565 4416 nam
588 4354 763 4439 corporibus
788 4356 951 4443 aequalium
974 4381 1143 4423 massarum
1166 4361 1311 4445 competit
