3200 4984
295 354 359 418 136
612 375 655 419 on
672 374 876 420 sossrsurrs
891 375 1072 420 consonas.
1252 356 1337 439 [cua.
1351 375 1395 418 11.

337 542 454 622 Tertia·
466 565 563 627 quum
587 541 760 627 superficies
783 542 947 607 materialis
968 541 1105 626 sphaerae,
1121 541 1209 605 cuius
1231 540 1334 605 radius
1350 549 1398 605 est

294 654 366 718 det
375 652 542 739 densitasp
560 655 642 737 (nam
662 653 771 739 positis
788 644 948 718 elementis
966 648 1167 737 simplicibus,
1184 651 1318 716 densitas
1332 673 1398 715 non

294 764 398 831 minus
406 765 548 829 convenit
563 764 733 849 superficiei
747 788 840 850 quem
856 764 964 849 solido)
979 764 1166 849 exprimatur
1181 786 1235 849 per
1249 766 1298 827 ior
1307 762 1357 827 (1².
1365 787 1398 848 ρ,

295 875 368 940 hinc
397 876 476 941 sotio
505 875 608 940 totalis
629 875 786 940 elementi
824 875 988 940 materialis
1017 876 1051 939 in
1081 883 1177 939 totam
1208 874 1397 960 superficiem

182 1041 186 1049 .
295 988 421 1073 sphaera
442 987 525 1051 illius
553 987 612 1052 erit
633 984 836 1073 o'.4rrd⁹.p.
885 988 927 1051 st
957 986 1173 1053 substituendo
1201 1006 1261 1071 pro
1282 977 1309 1050 o'
1331 986 1398 1051 eius

294 1096 427 1185 'valorem
443 1121 479 1163 ex
493 1098 625 1163 formula
642 1100 699 1183 (1),
715 1100 794 1164 actio
809 1099 915 1163 eadem
930 1100 1115 1184 exprimetur
1128 1120 1184 1183 per

774 1216 868 1275 odor
881 1236 929 1295 .p,

298 1321 352 1407 qui
366 1322 450 1386 valor
469 1329 516 1386 est
540 1321 751 1407 independens
770 1346 788 1387 a
804 1321 960 1386 distantia.
1004 1320 1088 1405 Ergo
1109 1323 1186 1386 actio
1202 1321 1304 1385 totalis
1318 1342 1400 1384 ecer-
1452 1304 1454 1307 ⁵

298 1437 359 1498 cita
372 1435 410 1498 ab
423 1457 481 1498 urso
499 1435 636 1499 elemento
651 1436 683 1497 ia
698 1434 856 1518 quamlibet
878 1435 1050 1518 mtaedcom
1071 1432 1252 1517 superficiem
1274 1432 1401 1496 maedam

299 1546 453 1611 densitatis
475 1554 520 1611 est
537 1567 649 1630 reaper
669 1546 776 1626 cadara
792 1553 839 1610 est
855 1544 993 1611 videlicet
1015 1552 1158 1611 constans
1183 1566 1240 1629 pro
1254 1566 1401 1630 quacum·
1442 1625 1446 1631 ,

299 1679 359 1743 que
373 1657 528 1721 distantia.

344 1766 472 1846 Quarto,
488 1766 513 1831 si
529 1768 703 1853 superficies
727 1768 780 1833 illa
795 1770 945 1855 sphaerica
969 1778 1201 1854 componeretur
1215 1792 1251 1833 ex
1274 1766 1403 1833 materia

300 1876 453 1952 continua,
479 1877 557 1941 siout
581 1900 704 1943 necesse
729 1881 984 1965 astringerent
1009 1880 1198 1966 concipiatur
1220 1879 1336 1945 actuari
1356 1880 1403 1944 vis

301 1987 471 2052 secundum
496 1996 595 2053 totam
621 1989 861 2056 actuabilitatem
888 2015 981 2077 quam
1006 1991 1099 2057 habet
1124 1992 1163 2056 ad
1189 1992 1292 2056 datam
1316 1990 1402 2055 iilam

301 2098 478 2164 distantiam
504 2100 533 2180 d,
557 2122 680 2166 necesse
703 2102 761 2166 erit
785 2124 898 2187 ponere
912 2124 1031 2189 p=oo.
1078 2103 1161 2168 Hinc
1176 2094 1262 2167 'actio
1287 2101 1402 2181 totalis,

300 2212 389 2277 cuius
404 2211 443 2277 de
457 2235 490 2276 se
510 2234 605 2298 capax
619 2223 666 2277 est
680 2222 832 2298 punctum
848 2214 1003 2278 materiale
1017 2215 1051 2277 in
1066 2214 1234 2299 quamlibet
1250 2214 1401 2299 sphaeram

300 2322 488 2404 continuam,
503 2333 551 2389 est
574 2347 694 2409 semper
716 2325 857 2390 infinita:
883 2347 938 2410 per
956 2326 1095 2390 accidens
1118 2335 1221 2390 autem
1246 2333 1303 2405 est,
1319 2324 1402 2411 quod

301 2457 364 2500 non
380 2435 469 2501 detur
485 2426 522 2499 de
539 2436 619 2500 facto
641 2436 768 2500 materia
785 2436 940 2515 continua,
956 2428 990 2499 in
1005 2459 1066 2521 qua
1080 2436 1125 2500 vis
1140 2445 1280 2501 actuetur
1294 2458 1403 2500 secun·

218 2526 223 2533 ⁵
301 2546 376 2611 dum
397 2554 493 2611 totam
513 2569 600 2611 suam
623 2545 874 2611 actuabilitatern.
919 2546 1002 2610 Nam
1024 2547 1188 2633 praesentia
1214 2547 1347 2613 materiae
1369 2547 1403 2612 in

299 2658 402 2745 ,spatio
425 2680 488 2722 non
502 2658 576 2722 facit
590 2658 652 2721 vim
667 2679 742 2738 esse,
758 2680 816 2722 nec
830 2658 885 2737 illi,
898 2667 934 2722 ut
948 2657 989 2737 vi,
1005 2658 1122 2743 aliquid
1144 2657 1276 2736 confert
1287 2657 1342 2722 sed
1356 2666 1403 2723 est

301 2778 424 2834 tanturn
438 2769 599 2853 prasentia
613 2768 759 2853 potentiae
772 2769 931 2853 receptivae
946 2777 1032 2832 actus
1047 2768 1085 2833 ab
1094 2768 1147 2832 illa
1156 2769 1186 2833 vi
1199 2768 1420 2855 procedentis,

346 2881 399 2943 52.
423 2878 498 2941 Haec
520 2878 624 2942 omnia
638 2877 781 2943 videntur
795 2878 882 2942 valde
904 2878 991 2957 mira,
1007 2886 1038 2942 et
1062 2878 1136 2943 dant
1158 2879 1261 2943 locum
1276 2878 1403 2964 quibus-

304 2990 375 3054 dam
389 2988 632 3068 obiectionibus;
656 2999 686 3054 et
700 2999 815 3069 tamen,
831 2990 857 3052 si
879 2998 960 3054 reete
975 2990 1173 3075 accipiantur,
1190 3013 1259 3055 vera
1274 2999 1356 3071 sunt,
1372 2999 1403 3055 et

302 3100 420 3165 nullam
447 3099 656 3164 difficultatem
679 3100 813 3184 pariunt.
859 3099 942 3163 Nam
964 3100 997 3163 in
1020 3100 1152 3164 formula
1169 3101 1213 3183 (l)
1238 3101 1404 3165 actioneso

303 3220 334 3275 et
362 3209 388 3275 ν’
412 3211 496 3275 iuxta
524 3233 641 3275 morem
671 3211 956 3275 mathematicorum
982 3212 1157 3276 referuntur
1186 3212 1225 3276 ed
1253 3212 1404 3277 unitatem

303 3322 459 3408 temporis.
505 3322 618 3386 Unitas
643 3330 746 3387 autern
770 3322 916 3407 temporis
936 3344 1136 3408 quaecumque
1157 3324 1331 3409 accipiatur,
1347 3325 1405 3389 erit

305 3414 423 3519 semper
448 3433 482 3497 in
512 3434 669 3497 infinitum
698 3434 867 3521 divisibilis,
891 3456 988 3518 quum
1018 3442 1141 3519 tempus
1171 3435 1211 3498 sit
1240 3458 1339 3499 unum
1368 3460 1405 3501 ex

303 3546 404 3611 tribua
426 3544 639 3610 mathematice
662 3544 833 3609 continuis:
857 3553 887 3609 et
909 3546 977 3609 ideo
992 3545 1177 3631 considerari
1192 3543 1289 3611 debet
1302 3548 1406 3612 unitas

218 3656 221 3662 ’
304 3648 450 3742 temporis
473 3668 510 3722 ut
532 3642 681 3743 integrale
703 3656 858 3742 quoddam
881 3680 917 3721 ex
942 3656 1071 3721 infinitis
1091 3652 1278 3723 instantibus
1301 3660 1405 3723 infini-

302 3772 429 3837 tesimis.
467 3768 579 3850 Quare,
592 3792 689 3855 quum
698 3768 829 3852 singulis
843 3768 1030 3842 instantibus
1045 3770 1407 3855 infinitesimistemporis

304 3883 486 3969 respondeat
512 3882 613 3966 eliqua
638 3882 716 3945 actio
743 3880 787 3945 vis
813 3880 1015 3961 elementaris,
1038 3882 1171 3947 actiones
1192 3906 1212 3948 o
1231 3892 1262 3947 et
1281 3881 1316 3961 ν’,
1337 3905 1406 3967 quae

294 3988 393 4060 ‚finito
403 3994 532 4079 tempori
543 3972 740 4078 respondent,
752 3991 979 4056 considerandae
989 4001 1061 4056 sunt
1073 4002 1231 4079 tamquam
1246 3994 1409 4079 integralis

305 4129 342 4171 ex
356 4106 485 4170 infinitis
500 4105 670 4189 actionibus
685 4104 890 4168 infinitesimae
912 4104 1108 4185 intensitatis,
1125 4128 1255 4190 quarum
1278 4104 1408 4189 singulae

303 4219 407 4283 'locum
430 4217 545 4281 habent
566 4216 600 4280 in
621 4216 751 4300 singulis
773 4216 962 4281 instantibus
986 4216 1132 4302 temporis
1152 4217 1408 4303 componentibus

306 4330 455 4395 unitatem
470 4327 627 4412 temporis.
665 4409 668 4413 A
1333 4323 1335 4327 ’
