3200 4984
294 374 360 437 322
649 390 692 434 nu
709 390 829 434 rursus
844 391 1037 435 ooumrors.
1236 373 1322 456 [cur.
1340 394 1396 436 111.

296 582 370 646 porc
384 567 415 625 et
429 558 468 623 de
482 559 581 644 spatio
596 580 717 623 necesse
732 566 795 622 est:
821 580 870 639 ne,
882 557 956 622 dum
969 557 1008 622 de
1021 558 1061 622 iis
1074 558 1239 643 loquimur,
1250 582 1319 644 quae
1332 582 1397 623 non

295 673 370 737 satia
383 672 594 755 intelligimus,
610 670 708 736 acutis
730 671 868 755 germani
886 670 1023 735 hominis
1042 672 1281 755 sophismatibus
1295 674 1396 757 capia-

295 806 373 849 mur.
419 782 496 859 Quae
510 804 580 846 vero
601 782 639 846 de
663 792 751 845 motu
773 789 805 845 et
819 782 937 846 viribus
959 791 1102 847 motuum
1122 783 1265 848 effectivis
1283 784 1315 847 in
1336 784 1395 847 hoc

295 904 429 960 tractatu
437 894 636 958 disseruimus
646 892 806 978 specialem
816 893 932 957 hebent
942 894 1118 973 utilitatem,
1128 903 1196 958 tum
1206 894 1245 957 ad
1254 895 1395 979 ponende

295 1006 496 1071 fundamenta
510 1004 649 1090 quaedam
664 1004 898 1089 responsionum
913 1014 1019 1070 contra
1033 1028 1095 1084 eos,
1111 1006 1165 1091 qui
1187 1028 1309 1070 omnem
1325 1029 1395 1090 pro-

296 1118 395 1203 priam
410 1117 560 1181 actionem
575 1116 720 1181 creaturis
735 1115 936 1194 sustulerunt,
948 1125 1017 1180 tum
1031 1116 1072 1181 ad
1085 1117 1252 1203 parandam
1266 1117 1393 1182 alioruin

296 1231 501 1317 quaestionum
515 1230 708 1309 solutionem,
724 1251 758 1293 ao
773 1229 943 1314 presertim
957 1230 1160 1295 celeberrimae
1169 1230 1252 1295 illius
1267 1232 1305 1295 de
1318 1254 1395 1316 prse-

173 1354 176 1366 '
297 1344 432 1407 motione
453 1351 484 1407 et
505 1364 655 1407 concursu
676 1342 736 1405 Dei
758 1340 935 1405 immediato
957 1364 1029 1406 cum
1044 1344 1200 1421 creaturis,
1216 1366 1284 1427 quae
1298 1343 1395 1408 abuu-

297 1455 351 1519 dat
363 1454 601 1533 difficultatibus,
612 1454 871 1539 quemadmodum
883 1477 939 1518 sno
950 1454 1017 1519 loco
1025 1456 1120 1519 visuri
1135 1478 1252 1521 sumus.
1291 1457 1396 1541 Atque

297 1567 345 1631 hae
366 1575 439 1631 sunt
458 1588 565 1647 causae,
581 1588 637 1630 our
658 1565 787 1650 dignum
806 1566 976 1630 censuerim
994 1566 1033 1630 de
1054 1566 1154 1630 tribus
1173 1566 1221 1631 bis
1241 1567 1395 1631 continuis

298 1700 361 1741 non
388 1679 435 1761 (ut
462 1678 560 1742 solent
586 1677 706 1763 reliqui)
732 1700 802 1741 cum
832 1678 1041 1742 accidentibus
1067 1678 1193 1743 confuse
1222 1679 1317 1763 loqui,
1340 1679 1395 1743 scd

298 1798 469 1875 separatum
484 1798 648 1853 tractatum
663 1789 814 1868 exhibere,
829 1800 860 1853 et
874 1790 912 1853 ab
928 1791 1003 1874 ipsis
1016 1790 1169 1855 radicibus
1184 1792 1320 1875 germina
1336 1791 1394 1855 dii-

288 1901 468 1969 ficultatum
484 1924 539 1987 pro
554 1900 668 1966 viribus
682 1900 820 1966 evellere.

602 2916 753 2965 EXPLlCl'l
771 2914 932 2965 volusian
950 2915 1094 2965 PRIMUM.
