3200 4984
283 355 325 419 78
479 373 522 417 nn
539 373 724 421 uniuersus
740 374 860 419 annun
877 375 1113 421 usroaseruu.
1231 356 1314 439 [car.
1332 375 1387 421 111.

281 540 407 627 profluit
426 562 464 605 ex
482 549 553 607 ente
575 543 658 623 reali,
674 552 704 609 et
725 551 773 609 est
790 544 962 629 proprietas
980 552 1034 609 aut
1048 544 1179 629 qualitas
1194 544 1260 610 eius
1270 569 1280 622 ;
1302 545 1387 610 unde

282 661 329 719 est
343 674 403 732 eris,
415 651 523 717 saltem
538 653 735 734 arridentale,
749 676 814 721 non
828 662 933 721 autem
948 654 1025 741 quid
1040 655 1175 720 medium
1190 656 1270 723 inter
1285 678 1340 721 ens
1354 665 1386 721 et

283 785 348 829 non
361 785 428 829 ens.

328 875 481 953 Quintum
511 874 638 941 axioma.
684 878 794 941 Fauno
822 878 948 942 nobilior
970 886 1098 963 prestat
1126 901 1160 942 ea
1190 881 1297 958 omnin,
1324 902 1387 963 qno

277 996 493 1072 protelarentur
506 1010 526 1051 a
532 987 644 1073 formis
658 989 888 1071 ipnobiiioribus.
919 989 976 1054 Est
992 990 1024 1053 S.
1037 989 1172 1055 Thomas.
1199 989 1385 1075 Distingno:

283 1107 408 1185 praestat
434 1120 502 1185 quaa
530 1106 746 1185 prestarentin
782 1123 801 1164 a
836 1100 944 1166 formis
979 1101 1214 1185 ignobilioribus
1250 1102 1385 1167 eiusdem

284 1211 405 1297 speciei,
423 1236 501 1276 cone.
523 1211 649 1275 alterius
672 1212 792 1297 speciei,
812 1236 895 1298 nepo.
942 1213 993 1277 Sie
1016 1213 1098 1278 calor
1122 1214 1221 1298 magis
1247 1212 1386 1280 intensus

284 1331 408 1409 praestat
430 1323 522 1387 etiam
544 1322 627 1407 quod
647 1331 843 1407 praestaretur
864 1346 883 1387 a
903 1323 1002 1388 calore
1023 1324 1126 1388 minus
1150 1326 1279 1389 intenso.
1326 1325 1388 1389 Sed

283 1430 392 1522 nequit
405 1458 433 1500 v.
453 1457 500 1519 gr.
523 1434 635 1513 anima,
653 1456 724 1519 quae
746 1433 798 1498 dat
820 1435 939 1499 homini
962 1434 1067 1514 vitam,
1087 1436 1159 1500 dare
1181 1458 1241 1500 esse
1256 1439 1387 1521 primam

284 1546 420 1632 corpori:
443 1546 516 1631 quia
529 1544 628 1611 forma
643 1544 860 1630 superveniens
874 1568 938 1611 non
954 1546 1007 1610 dat
1027 1547 1161 1612 metense
1182 1547 1388 1631 praeexistenti

284 1680 350 1722 esse
371 1657 530 1722 materiam
551 1656 786 1736 informabilem,
809 1656 864 1721 sed
884 1658 1094 1743 praesupponit
1117 1681 1194 1738 eam,
1213 1667 1244 1723 et
1267 1658 1319 1723 dat
1341 1659 1387 1723 illi

284 1777 407 1833 tantum
428 1789 494 1833 esse
515 1767 729 1834 informatam:
752 1776 784 1833 et
806 1791 860 1853 per
881 1769 940 1833 hoo
963 1770 1066 1834 anima
1087 1769 1140 1835 dat
1162 1769 1297 1854 primum
1322 1792 1388 1835 esse

285 1881 413 1959 homini,
428 1900 492 1943 non
514 1880 642 1964 corpori,
662 1888 699 1945 ut
721 1902 815 1965 supra
835 1880 1021 1947 declaratum
1039 1888 1097 1945 est.
1142 1882 1253 1959 Quaero
1272 1890 1387 1961 autem,

287 2015 327 2059 an
342 1991 444 2056 anima
464 1990 516 2056 det
535 1992 655 2076 corpori
671 2014 738 2057 esse
755 1992 973 2077 ponderosum,
988 1993 1123 2073 tardum,
1138 1994 1337 2077 corruptibile
1357 2004 1387 2059 st

287 2104 495 2191 similiaque
514 2113 699 2190 praestantur
716 2129 734 2172 a
755 2105 862 2170 formis
884 2106 1130 2191 ignobilioribus.
1174 2107 1309 2172 Evidens
1330 2117 1387 2186 est,

286 2217 533 2302 respondendum
547 2240 613 2282 esse
628 2218 779 2301 negative.
826 2217 956 2282 Manent
971 2240 1045 2303 ergo
1059 2219 1166 2284 formae
1179 2218 1386 2303 ignobiliores.

331 2329 457 2395 Sextum
472 2330 601 2396 amoma
651 2330 794 2394 Generari
808 2351 899 2395 mons
906 2331 1087 2395 ubstantiae
1096 2340 1141 2396 est
1149 2332 1268 2415 facturn
1278 2341 1388 2396 certum

286 2464 324 2507 an
338 2443 545 2507 obseruatione.
589 2440 777 2525 Distinguo:
800 2462 894 2505 novas
915 2440 1111 2523 substantias,
1129 2465 1182 2507 seu
1203 2450 1330 2509 naturas
1352 2466 1389 2509 ex

287 2552 467 2618 substantiis
492 2554 721 2638 praesuppositis
744 2553 929 2637 pompositas
950 2576 1041 2634 eona,
1065 2553 1252 2621 substantias
1273 2555 1387 2635 stricte,

287 2688 369 2750 nepo.

332 2776 505 2861 Septimum
529 2777 656 2841 axioma.
705 2778 863 2861 Correptio
888 2779 976 2841 unius
1004 2787 1048 2843 est
1073 2782 1225 2862 pearata
1254 2780 1388 2845 alterins.

287 2886 466 2971 Distinguo.
512 2885 668 2963 Quamdiu
687 2909 751 2951 non
772 2887 808 2950 fit
827 2886 974 2952 resolutio
989 2888 1022 2953 in
1038 2888 1136 2973 prima
1151 2889 1300 2955 elementa
1315 2891 1389 2955 sirn-

288 2997 388 3083 plioia‚
403 3020 494 3077 eona,
510 2996 634 3084 quando
658 3020 714 3082 per
735 2997 963 3084 corruptionem
987 2999 1145 3065 devenitur
1167 3000 1206 3064 ad
1229 3002 1388 3088 simplicia,

288 3132 377 3194 nepo.-

333 3221 483 3288 Oetavnm
506 3221 632 3285 axioma.
679 3223 815 3285 Materia
836 3230 879 3285 est
896 3223 1055 3285 subiectum
1070 3223 1290 3307 incorruptibile
1299 3248 1389 3309 pene·

288 3335 414 3398 rationis
435 3341 465 3397 et
486 3334 690 3417 abruptionis.
735 3332 924 3417 Distinguo:
954 3334 1083 3397 materia
1104 3343 1226 3398 actuata
1248 3343 1294 3400 est
1317 3335 1389 3401 sub·

288 3446 403 3509 ieotum
425 3444 640 3529 generationis,
655 3452 687 3509 et
709 3445 734 3509 si
757 3444 797 3509 sit
819 3444 987 3530 oomposita
1009 3454 1055 3510 est
1078 3446 1250 3511 subiectum
1265 3469 1390 3534 eorrup-

289 3557 392 3635 tionis,
408 3557 539 3622 οοηοεᾱο.
584 3556 717 3621 Materia
730 3557 839 3642 prima,
855 3579 936 3641 nepo.

333 3668 460 3732 Nonum
475 3667 602 3732 amoma.
647 3669 864 3752 Dispositiones
880 3666 1056 3751 adforrnorn
1064 3670 1218 3755 pertinent
1240 3671 1281 3734 ad
1298 3677 1390 3736 nate·

289 3784 375 3845 riam.
419 3780 608 3865 Distinguo:
638 3780 678 3843 ad
704 3778 862 3843 materiam
888 3778 1058 3864 proximam
1081 3783 1228 3865 generati,
1253 3791 1391 3867 quaeest

285 3901 410 3970 ,actuata
424 3916 516 3973 eone,
532 3892 572 3956 ad
587 3890 745 3956 materiam
759 3890 900 3975 primam,
916 3913 998 3973 nepo.

333 4005 496 4069 Decimum
526 4003 652 4067 axioma.
697 4004 811 4065 Fornace
839 4002 999 4066 adunatur
1028 4002 1064 4065 de
1089 4005 1223 4085 potentia
1252 4008 1391 4079 matum.

290 4115 478 4198 Distingu0:
501 4116 606 4179 formae
631 4112 846 4177 substantiales
870 4113 977 4177 dantes
1002 4114 1137 4197 primum
1166 4138 1232 4179 esse
1258 4116 1393 4181 materiae

290 4248 373 4310 nepo.
418 4225 628 4289 Accidentales
642 4232 674 4288 et
688 4224 843 4293 naturales
857 4223 1030 4289 educuntur
1045 4224 1084 4289 de
1098 4226 1236 4310 potentia
1255 4229 1392 4293 materiae

291 4344 429 4415 uetustae,
445 4336 576 4399 concedo.
621 4335 729 4399 Sermo
743 4344 789 4399 est
804 4334 855 4401 hie
870 4334 907 4399 de
923 4335 1028 4399 formis
1043 4336 1304 4421 corruptibilibus.
