3200 4984
215 385 286 429 car.
302 363 358 449 11.]
516 383 559 428 na
575 380 781 427 accentuum
796 381 980 428 corconna·
1257 361 1321 425 143

214 549 322 615 eadem
331 546 429 613 virtue
443 546 477 612 in
492 569 525 611 ae
539 546 681 626 identica,
697 570 766 632 quoe
779 568 944 632 perunum
958 545 1193 633 applicationem
1207 547 1272 632 agit
1288 546 1322 611 in

214 683 311 727 unam
325 658 528 744 superficiem,
543 681 599 744 per
612 660 702 723 aliam
718 659 954 744 applicationem
968 658 1081 744 agitio
1096 658 1199 739 aliem,
1214 668 1245 723 et
1267 682 1321 744 per

216 773 290 839 alias
309 771 344 837 in
365 772 439 837 abac
460 792 579 837 omnes.
623 770 657 835 Si
679 771 750 856 quie
768 778 873 835 autem
891 792 928 835 ex
947 769 1174 855 multiplicitate
1188 770 1322 855 applica·

215 886 348 962 tionum,
369 904 424 946 eeu
443 881 609 959 actionum,
631 880 761 945 deducat
780 879 1067 965 multiplicationem
1081 880 1203 945 virtutis
1222 880 1321 965 appli-

215 1002 301 1072 catae,
317 1001 348 1058 et
368 1000 568 1077 repraesentet
588 991 773 1057 totalitatem
790 990 914 1056 virtutis
936 1013 992 1076 per
1010 1012 1162 1055 summam
1180 990 1320 1055 omnium

217 1104 383 1183 actionum,
398 1126 462 1169 non
477 1102 587 1168 melina
600 1102 840 1182 ratiocinabitur,
855 1125 948 1189 quam
963 1102 1018 1189 qni
1035 1103 1077 1167 ad
1093 1101 1319 1187 longitudinem

217 1238 268 1280 aex
297 1216 411 1300 pedum
439 1214 576 1280 totaliter
604 1213 833 1301 exprimendam
869 1222 993 1300 putaret
1029 1237 1095 1279 esse
1131 1214 1320 1279 scribendam

218 1326 395 1392 huiuamodi
408 1325 611 1412 aeqrmtionem

560 1438 984 1510 l÷2÷³÷4÷5÷6=6.

218 1550 305 1615 Licet
318 1549 401 1615 enirn
415 1549 449 1614 iu
464 1551 485 1613 6
499 1548 693 1614 contineatur
707 1556 738 1613 et
754 1551 784 1627 1,
799 1556 831 1612 et
845 1550 878 1627 2,
893 1554 925 1613 et
940 1550 971 1627 3,
987 1556 1018 1613 et
1032 1550 1064 1628 4,
1080 1555 1111 1613 et
1126 1552 1157 1629 5,
1172 1557 1204 1613 et
1218 1548 1321 1634 ipsum

218 1664 250 1741 6,
264 1684 328 1726 non
343 1670 447 1727 tamen
461 1662 483 1725 6
497 1660 636 1745 exsurgit
650 1682 688 1725 ex
701 1658 763 1723 illia
776 1658 922 1724 omnibus
937 1658 1030 1724 simul
1043 1659 1157 1725 iunctis
1165 1684 1175 1739 ς
1198 1660 1271 1745 quie
1285 1669 1321 1724 ut

217 1794 254 1837 ex
275 1773 414 1859 partibus
434 1795 490 1858 per
510 1772 700 1837 additionem
720 1772 775 1835 liat
797 1779 909 1851 totum,
925 1771 1038 1837 debent
1061 1772 1142 1836 sumi
1164 1780 1266 1856 partes
1288 1794 1321 1836 ae

217 1893 327 1949 mutuo
340 1893 372 1949 et
385 1883 518 1969 perfecte
532 1883 737 1963 excludentes,
752 1904 791 1947 ne
812 1882 860 1947 bia
882 1890 936 1948 aut
958 1882 1073 1969 pluries
1092 1891 1232 1948 sumatur
1251 1905 1322 1968 para

218 1994 334 2061 eadem.

219 2154 223 2161 -
261 2103 482 2171 concludimur
501 2126 585 2191 ergo,
600 2126 640 2169 ex
657 2103 795 2190 poaaibili
813 2103 965 2169 infinitate
985 2104 1141 2170 actionum
1155 2127 1218 2170 non
1232 2127 1322 2189 posue

217 2217 328 2283 deduci
356 2216 541 2282 infinitatem
565 2216 688 2282 virtutis
716 2216 848 2296 motivae,
877 2216 928 2281 aed
955 2224 1077 2281 tantum
1107 2218 1191 2302 quod
1215 2218 1321 2282 eadem

217 2330 315 2395 virtue
328 2328 443 2394 motiva
463 2328 552 2393 finita
564 2330 606 2393 ait
619 2329 652 2392 in
665 2327 814 2413 infinitum
828 2328 1025 2413 applicabilia
1040 2330 1068 2393 ei
1081 2329 1192 2414 infiniti
1206 2331 1323 2394 termini

211 2450 368 2527 ponantur
374 2442 535 2525 partibiles
547 2448 686 2505 motuum·

262 2557 315 2619 58.
343 2554 471 2618 Obtieiea
483 2555 529 2619 3⁰.
574 2550 667 2617 Silta
680 2559 738 2632 eat,
751 2552 860 2617 aaltem
874 2550 1034 2617 fatendum
1050 2559 1097 2616 est
1111 2550 1173 2617 vim
1188 2552 1322 2618 materiae

218 2687 285 2731 erae
309 2663 343 2729 in
365 2663 552 2729 immensum
573 2662 717 2727 diffnaam
741 2663 912 2728 secundum
937 2685 1025 2727 suam
1050 2663 1220 2729 entitatem.
1264 2664 1322 2731 nst

217 2776 300 2842 enim
315 2774 473 2841 entitative
487 2773 675 2860 ubicumque
688 2774 765 2859 agit,
779 2782 810 2839 et
826 2774 891 2859 agit
904 2774 1031 2860 ubique.
1076 2774 1139 2839 Sed
1153 2775 1321 2841 absurdum

217 2896 265 2953 eat
279 2887 351 2952 dare
365 2885 499 2951 materiae
512 2885 728 2971 ubiquitatem.
770 2886 867 2972 Ergo.

259 3000 354 3084 Reup.
366 3020 446 3063 conc.
457 2998 538 3061 Mai.
554 2998 879 3081 eteiuaprobctiouem.
902 2999 1065 3063 Diatmic.
1086 2998 1144 3063 nst
1153 2998 1322 3064 absurdum

217 3110 290 3176 dare
304 3109 507 3196 ubiquitatem
521 3108 656 3173 materiae
669 3107 788 3173 ratione
802 3109 937 3175 materiae
953 3133 979 3175 c.
987 3112 1059 3174 mic.
1070 3110 1187 3175 ratione
1198 3111 1322 3177 virtntia

217 3222 339 3288 addet.
354 3219 559 3305 ubiquitatem
573 3218 732 3283 formalem
751 3228 783 3284 et
802 3219 974 3285 absolutam
990 3243 1016 3286 e.
1032 3224 1102 3287 mic.
1122 3222 1322 3307 potentialem

217 3354 272 3398 aeu
285 3330 446 3396 virtualem
461 3351 496 3394 ao
509 3328 666 3394 relativam
680 3351 711 3394 aa
727 3333 798 3393 min.
815 3340 845 3395 et
860 3354 932 3417 nepo
946 3318 1059 3416 corraeq.

264 3443 428 3530 Ubiquitaa
449 3441 587 3507 formalia
607 3449 638 3506 et
660 3440 801 3506 absoluta
816 3442 891 3508 dicit
905 3466 971 3509 esse
985 3451 1087 3509 totum
1103 3454 1174 3510 actu
1188 3445 1221 3509 in
1236 3444 1322 3511 omni

217 3555 294 3635 loco,
310 3563 341 3619 et
359 3563 461 3619 totum
480 3561 552 3617 actu
571 3552 605 3616 in
626 3551 757 3635 singulis
779 3552 919 3637 partibus
938 3553 1084 3619 locorum.
1132 3556 1201 3621 Hoc
1218 3566 1321 3647 autem

216 3666 278 3735 dici
296 3666 404 3751 nequit
425 3664 464 3729 de
484 3664 588 3750 aliqua
609 3664 723 3728 virtute
743 3672 854 3746 creata
874 3666 1043 3749 praesertim
1060 3688 1130 3731 vero
1152 3666 1191 3731 de
1208 3668 1321 3733 virtute

217 3779 316 3844 activa
330 3776 475 3857 materiae,
490 3798 559 3861 quae
577 3784 647 3840 cetu
666 3783 713 3839 eat
732 3774 766 3839 in
786 3775 877 3841 unico
898 3784 1014 3861 puncto
1034 3777 1193 3858 materiali,
1209 3788 1241 3843 et
1257 3801 1321 3845 non

219 3890 403 3955 diffinnditur
417 3888 477 3954 niai
485 3888 703 3973 potentialiter,
719 3910 774 3953 seu
788 3910 844 3973 per
859 3886 984 3953 modum
1000 3890 1145 3974 potentiae
1159 3890 1192 3954 in
1210 3891 1320 3975 spatio.

217 4003 291 4068 Non
305 4024 378 4085 ergo
393 4000 548 4066 iuvenitur
561 4008 627 4065 tota
642 4008 714 4064 actu
733 4000 766 4063 in
784 4008 851 4065 toto
870 4000 979 4085 spatio,
1002 4009 1032 4065 et
1052 4009 1119 4067 tote
1138 4001 1170 4065 in
1192 4002 1322 4087 singulis

217 4116 282 4180 eius
297 4114 446 4200 partibus.
493 4114 554 4178 Sed
567 4114 724 4199 ubiquitaa
738 4113 914 4199 potentialia
928 4122 959 4178 et
974 4114 1099 4179 relativa
1111 4115 1184 4181 dicit
1199 4124 1320 4183 tantum

216 4225 395 4291 relationem
412 4226 611 4312 potentialem
630 4226 670 4291 ad
689 4248 780 4291 omne
797 4228 849 4291 ubi
875 4228 1042 4293 seeundum
1063 4229 1227 4316 quamdam
1250 4253 1321 4317 pro·

216 4338 388 4422 portionem
410 4337 607 4418 inmunitatis,
623 4346 654 4401 et
675 4335 740 4402 baec
761 4338 918 4423 proportio
940 4340 974 4404 in
988 4340 1102 4407 virtute
1123 4341 1258 4407 materiae
1275 4350 1322 4407 eat
