3200 4984
209 366 288 412 oar.
300 349 370 433 riu]
560 376 603 419 na
619 377 820 423 suasrsurrs
834 378 1012 424 cosconius.
1245 364 1312 427 209

205 534 342 600 cularum
367 536 490 605 diversa
513 542 623 627 speciei
638 543 677 609 ad
699 544 956 610 combinationem
979 557 1132 613 mutuam.
1175 548 1310 613 Euidens

204 656 261 729 est,
277 648 356 714 hanc
371 651 549 718 affinitatem
569 656 642 720 oriri
657 679 692 721 ex
707 658 824 722 mutuis
839 658 1072 724 attractionibus
1094 662 1309 745 superantibus

203 760 393 843 repulsiones
417 772 560 831 mutuas:
583 777 615 831 et
636 769 738 848 exiis,
756 791 826 855 quae
846 769 928 834 dicta
945 780 1019 834 sunt
1038 793 1069 835 u.
1100 773 1162 836 102
1188 772 1240 857 fig.
1267 776 1310 835 14

202 871 347 938 facillime
361 875 550 959 erplicatur.¹
584 879 618 945 si
633 880 715 945 enim
730 892 835 945 centra
856 881 1016 946 attractiva
1030 882 1160 947 duarum
1175 884 1308 948 molecu-

201 983 301 1050 larum
319 986 410 1069 (idem
426 989 546 1054 dicatur
559 989 597 1055 de
611 992 726 1057 nucleis
736 993 762 1057 si
771 992 927 1058 moleculoe
936 993 1164 1078 sintnucleatae)
1175 995 1308 1061 habeant

203 1097 402 1163 sufficientem
426 1100 646 1183 intensitatem,
669 1114 705 1168 ut
723 1105 911 1189 repulsiones
929 1105 1150 1171 elementorum
1173 1107 1253 1173 eirca
1275 1131 1307 1171 ae

203 1209 373 1293 positorum
388 1211 523 1294 vineant,
539 1225 570 1279 et
584 1216 696 1301 positio
711 1217 836 1281 relativa
850 1216 1071 1282 elementorum
1085 1218 1306 1303 repulsivornm

202 1320 242 1384 sit
265 1321 423 1404 eiusmodi,
440 1335 485 1405 ut,
509 1327 574 1390 sine
589 1328 703 1392 directo
723 1350 852 1392 occursu
874 1328 1061 1409 eorumdem,
1082 1330 1237 1395 moleculae
1252 1354 1305 1416 ap·

202 1434 409 1519 propinquare
429 1439 558 1522 possint,
573 1440 626 1503 fiet
641 1440 735 1504 unius
750 1463 804 1525 per
817 1441 908 1505 aliam
924 1441 1104 1505 moleculam
1120 1451 1220 1506 motus
1234 1466 1304 1507 cum

202 1544 422 1612 deformatione
450 1550 552 1636 aliqua
584 1553 755 1638 utriusque,
787 1562 819 1616 ct
854 1552 1112 1617 combinabuntur
1144 1555 1304 1640 utriusque

201 1668 314 1739 motus,
328 1660 361 1724 id
375 1670 421 1724 cst
436 1671 539 1726 motus
553 1663 772 1729 elementorum
788 1664 881 1729 unius
895 1664 1053 1743 moleculae
1067 1665 1119 1729 fiet
1134 1666 1303 1730 seeundum

199 1766 299 1853 legem
315 1771 477 1855 quamdam
493 1795 612 1852 novam,
629 1774 837 1839 includentem
855 1776 972 1861 aliquas
987 1775 1177 1841 conditiones
1192 1800 1229 1841 ex
1242 1777 1303 1841 ele·

201 1882 313 1947 mentis
328 1884 452 1949 alterius
467 1886 621 1950 moleculae
630 1886 856 1971 dependentes:
878 1897 909 1954 et
921 1888 1076 1953 moleculae
1091 1888 1152 1953 illae
1163 1890 1304 1955 dicentur

202 1995 370 2060 combinari
384 1998 466 2063 inter
481 2021 523 2063 sc.

244 2108 306 2172 Sed
320 2109 385 2175 haec
399 2110 584 2175 combinatio
606 2118 707 2196 potest
724 2132 789 2175 essa
803 2110 849 2175 vel
874 2113 1046 2176 trmuitoriu
1064 2120 1095 2177 et
1117 2113 1304 2198 imperfecta,

200 2218 249 2283 vel
271 2222 388 2285 stabilis
408 2230 439 2285 et
459 2222 601 2307 perfecta.
645 2223 702 2287 Est
720 2223 895 2286 transitoria
917 2232 948 2286 et
973 2224 1160 2308 imperfecta,
1178 2225 1302 2309 quando

198 2326 351 2397 elementa
372 2332 503 2397 duarum
524 2343 577 2398 aut
600 2334 734 2419 plurium
760 2335 979 2399 molecularum
1003 2359 1034 2400 se
1058 2336 1300 2402 combinantium

199 2466 262 2508 uon
279 2452 353 2509 sunt
367 2445 400 2508 in
416 2445 469 2509 tali
483 2468 612 2510 numero
628 2459 660 2510 et
682 2447 878 2531 proportione
895 2456 990 2532 atque
1009 2448 1194 2527 intensitate,
1215 2458 1251 2512 ut
1266 2472 1302 2513 ex

199 2554 237 2619 iis
251 2556 324 2619 oriri
339 2554 435 2640 possit
451 2564 583 2642 systema
598 2555 777 2620 moleculare
799 2557 935 2636 numum,
951 2558 1012 2622 sive
1034 2558 1211 2643 simpliciter
1229 2582 1298 2623 cen·

198 2677 327 2745 tratum,
352 2668 415 2731 sive
439 2668 634 2732 nucleatum:
657 2669 690 2732 in
714 2668 768 2732 tali
791 2669 872 2732 enim
893 2691 977 2747 casu,
998 2670 1070 2754 quia
1090 2692 1152 2734 non
1170 2672 1302 2735 habetur

198 2780 385 2866 possibilitas
400 2779 563 2844 reducendi
578 2781 827 2865 compositionem
843 2780 882 2845 ad
897 2804 1005 2861 uuum,
1021 2804 1084 2846 non
1098 2781 1229 2846 babetur
1239 2805 1301 2847 una

198 2892 348 2957 molecula
370 2892 530 2972 resultans,
549 2891 602 2956 sed
625 2891 735 2977 aliquae
755 2901 857 2976 partes
879 2893 1081 2976 superfluunt,
1103 2903 1134 2957 et
1157 2905 1299 2979 quaerunt

198 3028 308 3070 novam
342 3004 554 3082 mutationem,
587 3014 623 3068 ut
656 3004 775 3089 possint
809 3005 1024 3069 convenienter
1051 3005 1192 3071 collocari
1220 3008 1299 3071 eirca

197 3117 323 3203 aliquod
348 3126 487 3181 centrum
514 3116 561 3179 vel
585 3116 717 3201 aliquem
741 3116 904 3180 nucleum:
930 3126 961 3180 et
984 3117 1133 3202 quamdiu
1157 3118 1227 3182 talis
1252 3128 1300 3183 est

196 3238 294 3295 status
309 3252 421 3306 rerum,
438 3228 566 3291 mutatio
580 3250 642 3292 una
656 3228 745 3292 aliam
759 3228 881 3312 excipit,
893 3236 927 3292 et
941 3228 1008 3313 ipsa
1027 3229 1211 3295 combinatio
1229 3232 1301 3297 fluit

193 3364 249 3427 per
269 3341 402 3405 diversas
421 3340 531 3423 pheses
555 3339 741 3403 definitivam
759 3361 899 3424 quaerens
920 3340 1055 3425 quietem
1073 3341 1106 3404 iu
1131 3351 1295 3427 systemate

194 3454 338 3538 periecto-
385 3451 488 3514 Huius
503 3449 674 3534 exemplum
696 3459 742 3513 est
764 3450 798 3512 in
813 3450 866 3534 fig.
884 3452 937 3529 14,
958 3449 1031 3534 quia
1044 3451 1077 3515 in
1099 3451 1161 3515 illis
1177 3452 1296 3517 duabus

194 3563 352 3629 moleculis
366 3564 518 3627 habentur
532 3561 593 3632 duo
609 3562 672 3626 sola
681 3561 833 3625 elementa
843 3562 1011 3641 attractiva,
1021 3585 1090 3647 quae
1097 3586 1154 3627 nec
1165 3574 1295 3649 possunt

193 3677 379 3741 constituere
392 3697 491 3739 unum
499 3682 650 3755 centrum,
666 3694 723 3737 nec
732 3673 888 3736 sufficiunt
897 3672 936 3736 ad
943 3673 1140 3739 formandum
1150 3675 1293 3739 nucleum

194 3787 366 3871 regularem
388 3785 654 3871 proportionatum
674 3783 833 3849 elementis
857 3783 1015 3867 repulsivis
1038 3785 1116 3849 circa
1136 3808 1168 3849 se
1187 3787 1295 3871 positis

194 3899 345 3963 stabiliter
366 3896 554 3961 retinendis:
576 3896 693 3980 etipsa
715 3895 864 3959 elementa
882 3895 1033 3980 repulsiva
1051 3920 1069 3960 r
1085 3906 1116 3961 et
1132 3894 1167 3976 Η,
1190 3898 1217 3961 si
1230 3900 1294 3963 sint
1339 3937 1342 3943 ν
1448 3918 1451 3923 ·

192 4011 280 4075 valde
294 4010 411 4076 divasa
426 4010 552 4073 interae
567 4008 667 4094 quoad
683 4008 902 4085 intensitatem,
911 4007 970 4071 alia
985 4008 1153 4075 manebunt
1167 4010 1295 4095 propius

195 4123 319 4207 (nempe
335 4120 490 4203 debiliora)
514 4119 572 4183 alia
585 4120 720 4203 longius,
739 4128 774 4182 nt
788 4118 876 4182 facile
896 4120 1028 4203 separari
1042 4121 1160 4203 possint
1173 4122 1294 4189 actione

159 4212 164 4221 Ι
192 4233 378 4299 extrinseca:
401 4255 495 4318 quare
516 4230 754 4296 accommodatio
777 4230 907 4294 duarum
930 4232 1057 4295 istarum
1073 4231 1291 4299 molecularum

193 4346 273 4411 iuter
288 4369 320 4409 se
335 4368 398 4409 non
413 4345 476 4417 crit¹
486 4343 651 4421 definitiva,
665 4342 719 4407 sed
733 4342 908 4407 transitoria
921 4352 953 4406 et
966 4343 1153 4438 imperfecta,
1163 4347 1293 4414 tendens

1102 4477 1120 4519 a
