3200 4984
695 1342 848 1377 *4-

220 1556 423 1613 ruarmo
449 1601 1239 1620 ..............................................
1268 1512 1320 1616 “i

762 1716 784 1771 Ι.

433 1834 479 1887 Dr
492 1850 594 1889 rums
606 1851 768 1891 rumcsrne
780 1852 888 1891 aranu
899 1852 1105 1892 rapueramus.

292 1954 366 2019 Quid
377 1956 413 2009 sit
424 1956 587 2029 principium
599 1962 626 2011 θῖ
638 1958 787 2030 quotuplex
801 1958 841 2029 (u
856 1956 921 2030 1-4)
942 2000 1245 2014 ..................
1305 1958 1321 2011 1

293 2048 449 2104 Substantia
460 2051 606 2105 materialis
622 2051 797 2105 constituitur
809 2051 912 2106 duobus
927 2052 1074 2125 principiis,
1086 2071 1140 2106 uno
1153 2052 1250 2121 activo,

329 2146 412 2199 altero
424 2146 531 2219 passivo
544 2147 583 2218 (n.
597 2148 665 2219 5,·6)
699 2189 1247 2203 ................................
1305 2148 1323 2201 2

223 2239 305 2294 OAP.
324 2240 346 2295 I.
383 2242 428 2295 Du
441 2258 602 2297 ranscn’ns
615 2258 722 2297 scrwo
734 2258 773 2295 ur
785 2257 907 2297 rassrvo
920 2258 1048 2297 Pursrcu
1062 2258 1285 2297 corsmurarrs.

292 2335 326 2389 In
338 2335 489 2391 substantia
500 2338 632 2392 materieii
644 2337 807 2411 principium
819 2338 940 2393 activum
951 2338 1009 2393 sine
1017 2339 1123 2411 passivo
1132 2357 1189 2393 esse
1197 2356 1252 2393 non

328 2434 418 2503 potest
430 2432 469 2503 (n.
483 2432 513 2504 7)
557 2474 1246 2489 ........................................
1303 2434 1322 2487 3

295 2526 464 2599 Principium
475 2528 614 2599 passivum
626 2534 667 2582 θεῖ
678 2528 851 2582 inextensum
864 2528 903 2599 (n.
916 2529 947 2600 8)
981 2568 1250 2584 ................
1307 2528 1326 2581 4

293 2621 463 2695 Principium
474 2624 612 2695 passivum
621 2623 678 2677 sine
689 2624 861 2679 activonihil
873 2628 914 2677 est
927 2624 964 2695 (n.
978 2623 1009 2694 9)
1015 2662 1248 2679 ..............
1306 2622 1325 2674 5

291 2716 461 2790 Principium
478 2720 616 2791 passivum
631 2724 659 2773 et
676 2719 799 2775 activum
816 2718 986 2774 constituunt
999 2718 1113 2773 unicum
1125 2734 1172 2772 ens
1183 2716 1254 2771 reale

330 2811 368 2883 (n.
383 2812 431 2885 10)
454 2851 1248 2869 ..............................................
1282 2801 1324 2863 ’6

294 2906 351 2959 Ens
362 2906 434 2961 reale
446 2906 485 2962 sic
497 2908 677 2963 constitutum
687 2926 742 2962 non
753 2907 932 2982 principiatur
941 2926 989 2980 per
1000 2908 1134 2963 actionem
1144 2906 1189 2962 rel
1206 2922 1254 2978 per

326 3000 479 3073 passionem
492 3002 531 3074 (n.
546 3002 648 3073 11,12)
664 2986 694 3057 ..’
698 3041 1246 3058 ................................
1305 2999 1323 3053 7

294 3097 462 3170 Principium
477 3097 598 3153 activum
615 3104 644 3152 et
660 3098 797 3171 passivum
808 3117 864 3153 non
875 3102 987 3153 causant
998 3097 1177 3152 substantiam
1188 3114 1252 3151 cau-

329 3192 437 3246 salitate
448 3193 561 3265 physica
573 3194 612 3265 (u.
626 3194 673 3265 13)
701 3233 1248 3249 ................................
1288 3191 1323 3245 st.

294 3288 351 3341 Ens
363 3306 397 3341 ex
408 3287 452 3341 his
464 3288 528 3342 solis
540 3288 679 3360 principiis
691 3288 824 3343 resultans
835 3292 877 3343 est
889 3288 1004 3359 simplex
1017 3287 1055 3359 (n.
1070 3286 1117 3359 14)
1153 3328 1246 3341 ......
1304 3286 1324 3339 9

292 3382 354 3438 Ηοθ
366 3400 413 3437 ens
425 3382 525 3437 dieittu
536 3383 650 3438 materia
660 3384 782 3453 formata,
794 3385 838 3440 vis
849 3383 1003 3453 materialis,
1017 3384 1182 3438 elementum
1192 3400 1251 3436 ma·

328 3478 406 3533 terias
419 3479 458 3550 (n.
474 3479 516 3548 15,
532 3479 634 3551 16,17)
664 3517 1247 3535 ..................................
1287 3477 1321 3531 u.

223 3572 305 3627 OAP.
325 3573 363 3626 Π.
399 3572 444 3627 Du
456 3589 593 3627 uarum
604 3589 701 3628 rama
712 3590 751 3629 ur
764 3590 868 3630 renus
877 3588 1098 3628 suessanum

292 3660 423 3714 Notiones
435 3660 506 3715 cirea
517 3665 610 3715 setim
621 3665 649 3715 θῖ
660 3661 811 3735 potentiam
824 3661 863 3730 (u.
875 3661 917 3730 18,
932 3660 974 3729 19,
987 3660 1035 3732 20)
1048 3700 1246 3714 ............
1289 3658 1323 3711 10

292 3754 407 3809 Materia
417 3755 505 3827 prima
515 3773 571 3809 non
583 3760 625 3811 θεῖ
637 3774 684 3813 ens
695 3756 919 3829 metaphysicum,
931 3773 982 3811 nae
993 3772 1061 3827 pura
1073 3752 1191 3827 negatio,
1205 3754 1253 3808 sed

327 3849 443 3922 privatio
455 3855 531 3905 aetus
544 3850 682 3906 entitativi
695 3851 733 3923 (n.
747 3850 848 3922 21-24)
873 3890 1246 3906 ......................
1289 3848 1323 3902 12

293 3944 410 3999 Materia
420 3945 508 4017 prima
518 3927 573 3999 nori
585 3950 628 4000 θεῖ
640 3963 687 4000 ens
698 3944 858 3999 inchoatum
867 3944 906 4016 (n.
920 3945 963 4015 25,
976 3944 1023 4016 26)
1047 3983 1246 3999 ............
1289 3942 1324 3995 15

291 4040 407 4095 Materia
426 4040 513 4111 prima
534 4044 577 4095 est
591 4040 777 4114 potentialitas
794 4041 926 4112 quadum,
939 4041 987 4094 sed
1003 4057 1059 4094 non
1073 4044 1115 4094 θεῖ
1131 4037 1254 4111 potentia

327 4134 406 4188 realis
419 4134 458 4206 (u.
472 4135 520 4207 27)
559 4174 1247 4191 ........................................
1290 4134 1324 4189 18

291 4230 408 4285 Materia
419 4230 506 4303 prima
518 4248 572 4285 non
581 4234 623 4285 est
629 4229 742 4285 materia
751 4228 894 4303 possibilis,
903 4247 954 4285 nec
959 4228 1125 4304 possibilitas
1133 4229 1253 4285 materiae

329 4327 367 4397 (n.
382 4325 429 4397 28)
457 4366 1248 4381 ..............................................
1291 4326 1325 4378 19

1092 4444 1114 4485 r
1130 4426 1152 4485 2
