3200 4984
266 355 311 418 28
679 380 722 424 nu
738 379 922 424 rurucrrus
1224 345 1312 443 [car.
1330 379 1370 424 11.

310 545 364 608 84.
386 545 486 610 Dicar.
511 544 544 609 Si
553 543 597 610 ita
606 551 663 624 est,
673 567 746 630 ergo
755 545 833 610 falso
842 544 956 609 dicitur
967 543 1054 608 Deus
1066 536 1183 608 creasse
1197 543 1367 609 materiam.

268 653 418 720 Praeterea
441 663 618 742 sequeretur
639 657 722 742 quod
744 655 842 721 forma
864 655 1073 721 substantialis
1089 646 1175 720 ‘esset
1196 654 1369 720 nrbiectum

268 765 432 848 quoddam,
458 766 491 831 in
521 788 583 853 quo
611 766 795 852 reciperetur
820 766 964 844 materia,
990 765 1074 851 quod
1101 788 1190 830 nemo
1215 766 1369 846 admittet,

268 899 365 963 quum
380 877 507 944 materia
521 878 685 944 definiatur
698 879 833 963 primum
849 877 1020 943 subiectum
1035 877 1232 962 receptivum.

311 987 493 1073 Respondeo
507 1011 572 1074 nep.
588 997 650 1054 ont.
674 987 755 1066 Quia
774 996 812 1052 ιιι
829 988 915 1052 Deus
933 988 1053 1052 dicatur
1074 1009 1176 1052 creare
1198 987 1367 1067 materiam,

268 1099 379 1164 sufficit
397 1107 433 1164 ut
451 1099 564 1164 directe
579 1108 659 1165 creet
673 1101 735 1164 vim
750 1100 783 1164 in
799 1123 832 1164 se
846 1099 949 1164 taliter
965 1099 1174 1180 constitutam,
1190 1108 1226 1165 nt
1244 1107 1316 1184 agat
1334 1099 1368 1163 in

268 1209 425 1294 sphaeram.
473 1209 541 1275 Hac
558 1211 640 1275 enim
661 1210 770 1296 posita,
789 1210 918 1276 resultat
937 1219 1088 1291 centrum,
1107 1233 1162 1275 seu
1180 1211 1308 1276 materia
1323 1212 1370 1276 ita

267 1321 445 1401 necessario,
460 1329 496 1387 ut
512 1321 616 1386 sinon
630 1330 806 1408 poneretur,
818 1343 881 1386 non
895 1329 1062 1408 poneretur
1075 1322 1230 1387 creaturis
1242 1321 1368 1387 motiva.

266 1431 308 1502 lit
325 1433 377 1498 hic
394 1433 548 1499 advertere
565 1434 646 1513 licat,
665 1456 758 1519 quam
775 1433 864 1499 facile
881 1433 1057 1519 responderi
1073 1434 1172 1519 possit
1191 1433 1367 1513 incredulis,

267 1543 320 1630 qui
337 1544 470 1610 materiae
488 1543 671 1610 creationem
691 1543 760 1609 ideo
778 1543 999 1630 impossibilem
1018 1544 1171 1624 dixerunt,
1189 1547 1262 1631 quia
1281 1546 1368 1610 Deus

266 1677 330 1720 non
353 1655 489 1721 continet
512 1656 671 1722 materiam
697 1678 754 1720 nec
777 1656 949 1722 formaliter
968 1679 1025 1720 nec
1044 1655 1224 1736 eminenter,
1243 1665 1275 1721 et
1294 1657 1368 1742 quia

266 1767 352 1831 Deus
370 1789 433 1831 nou
450 1767 543 1833 habet
558 1767 657 1832 ideam
672 1769 817 1847 materiae,
832 1776 869 1832 ιιι
887 1767 1022 1832 materiae
1042 1774 1176 1848 tantum,
1191 1767 1370 1834 distinctam

267 1878 305 1944 ab
321 1878 388 1942 idea
402 1878 536 1943 materiae
551 1887 689 1944 actuatm.
734 1879 916 1964 Responsio,
925 1878 1062 1964 inquam,
1078 1877 1176 1942 facilis
1190 1886 1237 1942 est
1251 1879 1286 1942 in
1300 1889 1371 1942 mea'

267 1987 428 2054 sententia.
473 1987 554 2052 Nam
585 1989 778 2070 concedetur,
809 1989 977 2069 materiam,
997 1997 1034 2052 ut
1057 1988 1240 2054 actuabilem
1268 1990 1367 2054 forma

267 2099 472 2181 substantiali,
489 2099 576 2165 nullo
597 2100 689 2164 modo
711 2101 805 2166 creari
826 2122 925 2185 posse,
948 2099 1207 2186 quemadmodum
1229 2101 1367 2186 plerique

265 2212 357 2277 etiam
373 2211 639 2298 peripateticorum
655 2211 825 2276 docuerunt
832 2236 843 2290 3
866 2211 919 2276 sed
930 2234 985 2276 ens
996 2210 1151 2276 materiale
1162 2220 1267 2276 tamen
1278 2234 1367 2297 posse

266 2325 369 2404 creari,
395 2325 477 2410 quia,
504 2325 537 2388 in
563 2331 714 2409 quantum
740 2331 787 2387 est
810 2322 961 2387 terminus
984 2322 1155 2402 creationis,
1179 2331 1227 2386 est
1250 2345 1315 2402 ens,
1332 2324 1366 2388 in

266 2446 416 2524 quantum
432 2459 502 2501 vero
517 2446 563 2501 est
577 2459 635 2499 non
650 2457 710 2513 ens,
727 2457 781 2498 scu
796 2433 830 2498 in
844 2440 996 2518 quantum
1010 2431 1103 2496 habet
1118 2432 1287 2513 materiam,
1303 2438 1371 2496 non'

265 2555 312 2612 est
334 2548 394 2612 nisi
416 2545 603 2632 imperfectio
618 2545 698 2609 entis
718 2543 849 2629 propria,
865 2564 901 2608 ex
925 2542 991 2628 ipsa
1012 2542 1150 2606 entitatis
1173 2564 1235 2607 suoe
1257 2553 1367 2608 natura

265 2658 426 2724 resultans.
471 2657 557 2722 Deus
577 2678 660 2741 ergo,
676 2655 747 2720 licet
764 2676 828 2718 non
849 2653 1004 2718 contineat
1020 2653 1179 2717 materiam
1198 2654 1372 2719 formaliter

265 2791 322 2834 nec
344 2770 526 2847 eminenter,
543 2775 644 2853 potest
661 2788 762 2830 creare
782 2763 986 2829 substantiam
1013 2763 1210 2844 materialem,
1234 2765 1364 2830 creando

265 2889 378 2958 actum,
394 2901 429 2943 ex
452 2879 539 2943 cuius
562 2878 714 2963 positione
737 2875 865 2940 resultat
888 2875 1024 2938 materia.
1071 2873 1133 2937 Sed
1155 2874 1189 2938 in
1213 2877 1372 2941 sententia-

265 2991 502 3056 adversariorum
515 2988 676 3054 difficultas
687 2985 914 3052 incredulorum
925 2992 971 3047 est
983 2983 1165 3048 insolubilis.
1205 2985 1370 3070 Siquidem·

264 3103 391 3167 materia
414 3109 460 3176 est
486 3123 546 3165 non
573 3122 637 3178 ens,
663 3108 695 3163 et
719 3099 806 3163 Deus
832 3117 895 3160 non
921 3095 1059 3159 continet
1088 3116 1151 3159 non
1180 3117 1235 3159 ens
1264 3118 1364 3181 neque

263 3214 431 3280 formaliter
446 3229 544 3296 neque
558 3211 737 3286 eminenter,
753 3218 789 3273 ut
804 3216 899 3289 patet.

274 3367 276 3372 -
307 3325 358 3389 Ad
381 3325 510 3389 alterum
526 3345 595 3386 vero
617 3320 785 3406 respondeo
807 3340 907 3402 neque
928 3317 1095 3397 materiam,
1110 3340 1211 3402 neque
1232 3318 1369 3382 formam·

264 3460 329 3502 esse
344 3436 516 3500 subiectum
528 3433 699 3520 physicum,
729 3429 800 3515 quia
814 3436 923 3491 neutra
938 3427 976 3490 de
992 3450 1024 3490 se
1038 3435 1086 3491 est
1100 3427 1218 3512 aliquid
1229 3428 1363 3514 physice,

263 3559 299 3613 ut
325 3565 422 3633 supra
442 3545 654 3632 probavimus;
679 3543 732 3607 sed
757 3541 929 3605 subiectum
956 3538 1091 3622 primum
1113 3538 1276 3624 physicum
1298 3561 1364 3603 esse

262 3662 360 3746 ipsam
375 3658 533 3722 materiam
548 3657 719 3731 formatam,
737 3674 791 3715 seu
806 3650 991 3714 elementum
1006 3650 1148 3714 materiae.
1181 3649 1250 3713 Hoc
1259 3659 1362 3714 autem

263 3773 449 3837 elementum
475 3767 587 3832 dicitnr
612 3765 710 3849 quoad
730 3762 884 3826 materiam
903 3758 1022 3837 subiici,
1050 3781 1112 3823 non
1139 3759 1211 3844 quia
1237 3762 1365 3825 materia

234 3903 235 3907 ’
262 3884 386 3970 physice
401 3879 579 3946 subiiciatur
593 3878 697 3940 formae
712 3896 777 3938 eam
793 3869 931 3934 actuanti
948 3869 1018 3952 (hoc
1032 3868 1115 3933 enim
1130 3878 1232 3934 totum
1246 3880 1293 3935 est
1307 3895 1364 3957 per

262 3995 410 4080 anulysim
421 4014 498 4077 pure
510 3984 771 4073 metaphysicam),
785 3982 838 4045 sed
850 3981 922 4065 quia
933 3980 1120 4044 elementum
1131 3982 1288 4046 materiale
1299 4005 1363 4047 non

262 4105 422 4170 subiicitur
450 4096 725 4164 modificationibus
754 4093 787 4155 in
819 4100 971 4176 qnantum
1000 4101 1048 4154 est
1077 4091 1221 4171 activum,
1246 4093 1301 4157 sed
1329 4095 1363 4158 in
1470 4101 1473 4105 ’

262 4225 412 4300 quantum
427 4219 473 4276 est
488 4209 650 4300 passivum.
697 4205 802 4280 Quum
820 4210 922 4266 autem
941 4223 1007 4265 esse
1024 4201 1158 4265 activum
1173 4203 1285 4268 habeat
1300 4228 1319 4269 a
1332 4205 1363 4269 vi

262 4348 322 4409 qua
339 4325 403 4407 agit
422 4320 461 4385 ad
481 4329 573 4397 extra,
593 4339 658 4381 esse
673 4337 742 4379 vero
760 4313 914 4397 passivum
933 4311 1044 4375 habeat
1058 4310 1091 4374 in
1106 4320 1233 4396 puncto,
1249 4337 1285 4378 er
1300 4336 1374 4400 quo·
