3200 4984
272 339 293 399 8
699 355 741 398 ns
757 354 943 398 rarxc1r11s
961 393 965 398 ,
1245 334 1330 418 [car.
1347 354 1371 396 1.

317 520 510 606 Respondeo,
525 520 612 587 nullo
627 541 737 606 genere
752 520 937 586 causalitatis
952 519 1093 606 physicae.
1126 520 1199 584 Non
1213 520 1252 585 in'
1261 543 1374 605 genere
1398 498 1401 502 ι

272 655 371 698 causae
382 633 548 712 efficientis,
559 641 597 697 ut
611 633 734 698 evidens
748 640 805 710 est,
817 632 889 717 quia
899 653 990 696 causa
1000 631 1132 696 efficiens
1145 631 1272 718 physica
1284 631 1375 698 debet

273 744 385 810 hahere
404 745 564 832 physicum
582 743 734 809 influxum
754 744 785 808 in
807 743 949 808 effectum
966 766 1021 828 per
1038 743 1189 808 actionem
1204 742 1374 830 physicam.

274 856 431 921 Neutrum
460 865 562 920 antem
592 855 777 941 principium
803 863 904 940 potest
929 854 1095 939 producere
1116 855 1233 940 aliquid
1255 854 1374 919 actione

274 967 400 1053 physica
413 974 451 1030 ut
464 989 501 1030 ex
517 966 670 1052 praedictis
688 975 817 1046 constat,
833 966 893 1030 nisi
907 966 1089 1052 principiata
1104 967 1175 1046 iam,
1190 989 1245 1031 seu
1260 965 1375 1032 consti·

273 1086 343 1142 tuta
358 1078 539 1143 substantia.
585 1079 739 1143 Neutrum
760 1101 833 1162 ergo
847 1086 949 1163 potest
963 1101 1029 1143 esse
1043 1101 1135 1144 causa
1149 1079 1281 1143 efficiens
1300 1079 1373 1143 sub·
1475 1117 1478 1122 -
1599 1083 1600 1102 ³

275 1188 430 1252 stantiam.
473 1188 523 1252 De
543 1211 634 1254 causa
655 1189 739 1253 finali
762 1189 951 1273 superfluum
973 1198 1019 1255 est
1041 1191 1092 1255 hic
1114 1191 1208 1276 loqui,
1224 1191 1375 1276 quianon

275 1309 321 1364 est
342 1301 381 1365 ad
400 1323 474 1365 rem.
522 1301 556 1366 Si
573 1322 646 1385 ergo
662 1300 694 1365 in
718 1300 820 1386 aliquo
835 1323 946 1384 genere
960 1301 1147 1368 carisalitatis
1161 1302 1295 1388 physicae
1308 1301 1375 1366 haec

275 1411 337 1476 duo
352 1411 501 1497 principia
516 1420 641 1476 causant
653 1412 866 1490 substantiam,
876 1434 940 1476 non
951 1422 1088 1497 superest
1100 1413 1194 1492 alind,
1203 1413 1264 1476 nisi
1274 1413 1375 1478 dicere

275 1522 357 1608 quod
373 1546 470 1588 unum
486 1532 589 1587 causet
604 1531 639 1587 ut
657 1545 748 1588 causa
767 1522 941 1602 materialis,
957 1523 1041 1588 aliud
1058 1532 1094 1588 ut
1114 1546 1204 1589 causa
1225 1524 1374 1590 formalis.

275 1636 316 1700 Et
338 1635 396 1701 hoc
418 1635 520 1720 ipsum
543 1644 590 1700 est
612 1635 694 1720 quod
712 1634 839 1720 plurimi
855 1643 993 1699 auctores
1012 1635 1190 1700 docuerunt.
1235 1635 1298 1698 Sed
1317 1635 1376 1700 hoc

274 1749 377 1832 ipsum
388 1756 435 1812 'est
446 1746 568 1812 falsum.
614 1748 696 1811 Nam
708 1769 798 1812 causa
808 1746 973 1811 materialis
983 1747 1110 1833 physica
1120 1726 1166 1811 est
1176 1746 1306 1834 aliquod
1320 1769 1377 1811 ens

274 1859 400 1946 physice
411 1859 553 1938 existens,
567 1881 620 1922 seu
630 1859 697 1943 ipss
708 1859 835 1923 materia
848 1858 938 1922 realis
951 1881 1061 1942 ecqua
1075 1845 1192 1943 aliquid
1205 1858 1241 1922 fit
1253 1885 1261 1924 z
1284 1879 1376 1922 causa

275 1993 346 2037 vero
364 1970 500 2034 formalis
518 1971 644 2057 physice
665 1979 712 2035 est
734 1969 859 2056 aliquod
880 1993 935 2034 ens
957 1970 1082 2056 physice
1103 1970 1235 2035 existens
1256 1969 1290 2033 in
1312 1970 1373 2034 alio

276 2082 413 2168 physico,
429 2082 543 2147 scilicet
559 2082 591 2147 in
607 2083 679 2146 reali
694 2091 725 2146 et
740 2082 887 2146 existente
903 2083 1038 2145 materia.
1075 2081 1173 2166 Atqui
1188 2081 1312 2146 evidens
1326 2089 1374 2146 est

275 2216 339 2259 non
358 2195 464 2258 haberi
483 2218 538 2260 ens
557 2194 682 2282 physice
704 2195 836 2259 existens
856 2215 913 2257 nec
930 2193 963 2257 in
983 2216 1015 2257 se
1036 2215 1093 2256 nec
1113 2193 1146 2256 in
1164 2193 1224 2257 alio
1238 2193 1271 2257 in
1287 2193 1377 2277 signo

276 2307 370 2392 priori
385 2308 424 2372 ad
438 2307 702 2392 principiationem
718 2329 773 2370 seu
787 2305 1037 2370 constitutionem
1056 2304 1246 2369 substantiae.
1291 2305 1376 2391 Ergo

275 2441 332 2482 nec
352 2417 457 2482 haberi
477 2426 578 2503 potest
598 2417 631 2488 in
651 2417 703 2481 illo
724 2417 814 2501 signo
828 2415 907 2479 ratio
921 2415 1022 2500 aliqua
1036 2438 1134 2479 carruae
1147 2416 1313 2481 materialis
1329 2419 1377 2482 vel

275 2529 411 2595 formalis
425 2529 459 2592 in
473 2551 584 2612 genere
598 2528 736 2614 physico.
781 2527 887 2591 Minor
901 2534 985 2611 patet
993 2553 1004 2606 3
1027 2527 1108 2611 quia,
1124 2536 1289 2613 antequam
1304 2551 1378 2594 con·
1406 2583 1408 2588 .

276 2641 384 2705 stituta
400 2649 590 2725 supponatur
605 2638 785 2717 substantia,
799 2660 863 2702 non
878 2637 1009 2702 habetur
1023 2660 1078 2702 ens
1091 2638 1124 2701 in
1140 2661 1193 2718 se;
1216 2648 1247 2704 et
1259 2640 1303 2704 sic
1312 2663 1377 2705 non

276 2753 408 2816 habetur
436 2751 469 2815 id
498 2751 531 2815 in
557 2773 619 2835 quo
648 2749 812 2835 recipiatur
834 2749 912 2813 illud
936 2749 1019 2834 quod
1042 2749 1132 2814 debet
1155 2773 1221 2814 esse
1246 2752 1280 2815 in
1307 2752 1376 2821 alio.

278 2864 380 2928 Maior
396 2885 466 2929 vero
488 2870 627 2942 constat3
654 2861 725 2947 quia
747 2883 870 2926 causare
892 2860 1016 2947 physice
1037 2868 1083 2924 est
1105 2883 1229 2926 causare
1250 2885 1306 2948 per
1322 2887 1377 2928 en-

278 2977 399 3040 titatem
413 2973 582 3061 physicam,
599 2995 666 3059 quae
680 2973 728 3038 vel
743 2981 788 3036 est
806 2972 873 3057 ipsa
893 2971 1073 3052 substantia,
1088 2971 1135 3035 vel
1154 2971 1270 3058 aliquid
1292 2975 1374 3040 reale

278 3087 385 3173 ipsius.
429 3087 513 3170 Ergo
535 3075 659 3150 causare
681 3085 805 3172 physice
826 3092 873 3148 est
894 3083 1044 3148 exclusive
1067 3084 1222 3167 proprium
1242 3086 1378 3172 physicae

277 3197 415 3262 entitatis
426 3223 435 3275 3
467 3219 553 3260 secus
581 3196 707 3260 effectus
732 3195 857 3259 haberet
881 3193 997 3279 aliquid
1019 3194 1187 3258 secundum
1209 3197 1293 3280 quod
1314 3221 1379 3265 non

279 3307 487 3373 contineretur
500 3310 535 3372 in
550 3328 661 3384 causa;
684 3306 767 3391 quod
781 3314 943 3390 repugnat.

324 3421 358 3484 Si
372 3441 442 3484 vero
456 3418 616 3504 principia,
632 3440 702 3503 quae
712 3417 895 3501 ,conspirant
914 3415 953 3480 ad
970 3415 1213 3500 principiaadam
1232 3419 1378 3486 substan.

278 3533 355 3596 tiam
378 3530 575 3609 materialem,
602 3529 834 3594 considerentur
856 3520 892 3591 ut
917 3527 1066 3611 principia
1090 3529 1308 3616 metaphysica,
1331 3535 1380 3599 vel

277 3640 461 3720 essentialia,
476 3649 551 3706 tunc
572 3640 659 3704 nulla
680 3648 726 3704 est
750 3637 930 3716 difficultas;
953 3659 1016 3700 non
1042 3638 1125 3702 enim
1150 3640 1298 3706 tribuitur
1317 3643 1380 3710 illis

278 3765 354 3820 tunc
383 3751 542 3818 causalitas
571 3751 698 3838 physica
726 3749 847 3835 proprie
873 3748 963 3827 dicta,
991 3748 1051 3813 sed'
1068 3757 1192 3814 tantum
1217 3752 1381 3820 causalitas

154 3891 156 3895 ·
279 3864 497 3951 metaphysica,
523 3863 692 3927 secundum
721 3883 814 3945 quam
843 3880 898 3922 ens
924 3858 1048 3943 aliquod
1071 3861 1298 3927 consideratum
1321 3866 1381 3930 sub

280 3977 396 4062 duplici
424 3975 610 4060 praecisione,
637 3981 669 4036 et
698 3971 867 4034 resolutum
897 3979 1000 4034 mente
1029 3970 1062 4034 in
1090 3971 1151 4035 duo
1176 3972 1381 4059 inadaequata‚

281 4090 394 4154 dicitur
401 4086 546 4151 resultare
556 4107 592 4149 ex
603 4084 740 4168 ipsorum
752 4080 976 4159 coniunctione,
985 4103 1039 4165 per
1053 4105 1145 4167 quam
1155 4107 1210 4148 ens
1219 4086 1298 4151 illud
1307 4111 1381 4153 con-

281 4199 393 4283 cipitur
407 4196 519 4259 hahere
534 4203 630 4258 totam
646 4202 677 4257 et
691 4192 880 4277 adaquatum
897 4215 984 4256 suam
998 4193 1211 4277 quidditatem.
1263 4195 1313 4263 De
1322 4200 1383 4265 hac

280 4309 396 4372 ratione
411 4305 596 4371 causalitatis
611 4303 826 4390 metaphysica
840 4325 965 4387 agemus
980 4303 1078 4367 fusius
1094 4306 1192 4389 capite
1207 4307 1359 4394 sequenti.
