3200 4984
202 388 272 433 car.
290 368 346 456 ru]
526 393 569 435 nu
586 393 791 437 suasurum
808 392 988 437 consonus.
1248 379 1308 441 145

201 552 404 635 immensitas,
420 564 451 620 et
466 556 523 621 soli
538 557 605 622 Deo
620 557 776 644 competit.
824 558 907 644 Ergo
923 582 979 624 nec
999 560 1155 645 ubiquitas
1172 560 1309 627 ducalis

203 668 349 751 competit
365 668 471 732 virtuti
485 667 629 733 elementi
644 669 820 735 materialis

248 780 340 863 Resp.
363 781 432 845 dist.
448 790 511 846 ont.
545 781 711 868 Ubiquitas
729 782 868 847 virtualis
888 782 1028 847 absoluta
1048 793 1079 847 et
1099 785 1308 849 substantialis

202 900 250 954 est
268 892 389 955 infinita
410 892 554 977 perfectio
575 902 633 958 etc.
648 917 728 959 cerae.
745 903 809 959 ont.
856 892 1021 979 Ubiquitas
1044 895 1189 975 virtualis,
1208 897 1240 960 id
1260 906 1308 961 est

202 1002 388 1087 potentialis,
403 1002 529 1068 relativa
543 1014 573 1068 et
588 1005 783 1070 accidentalis
804 1013 851 1069 est
873 1005 995 1070 infinita
1009 1007 1154 1091 perfectio
1167 1018 1223 1072 etc.
1242 1030 1306 1093 nep.

201 1124 266 1179 eat.
283 1124 312 1179 et
325 1138 438 1199 ceraceq.

246 1227 442 1291 Immeusitas
457 1227 517 1291 Dei
538 1237 585 1292 est
604 1228 750 1313 perfectio
765 1230 944 1315 simpliciter
959 1230 1095 1316 simplex,
1111 1230 1143 1295 in
1159 1254 1220 1317 qua
1234 1254 1305 1297 eon-

201 1339 341 1403 tinentur
351 1338 520 1405 rirtualiter
528 1348 559 1403 et
570 1340 741 1404 eminenter
755 1362 863 1406 omnes
879 1342 1067 1407 ubioatioues
1082 1342 1305 1428 producibiles:

201 1474 238 1515 ex
254 1474 316 1536 quo
329 1452 468 1532 resultat,
483 1452 576 1537 quod,
592 1452 750 1537 productis
764 1453 906 1518 terminis
921 1453 1105 1519 habentibus
1126 1478 1216 1519 suum
1236 1477 1306 1540 pro·

200 1564 303 1648 prium
324 1566 386 1644 ubi,
401 1564 487 1628 Deus
509 1587 563 1648 per
585 1588 672 1629 suam
694 1564 942 1643 immensitatem,
958 1574 994 1629 ut
1016 1567 1183 1631 extrinsece
1200 1567 1305 1632 termi-

163 1694 166 1700 ·
202 1684 306 1741 natam
322 1676 363 1741 ad
375 1674 516 1740 formales
531 1675 721 1741 ubieationes
735 1684 954 1756 creaturarum,
967 1676 1086 1742 dicatur
1096 1701 1162 1743 esse
1176 1678 1306 1743 inomni

201 1790 262 1868 ati,
277 1787 311 1851 id
334 1796 380 1852 est
404 1787 529 1872 ubique.
574 1787 677 1864 Quare
691 1811 796 1853 verum
821 1796 868 1852 est
893 1788 958 1853 eius
980 1789 1218 1854 immensitatem
1240 1812 1306 1855 esse

201 1900 488 1965 determinationem
514 1900 553 1964 ad
578 1900 743 1965 essendum
768 1900 910 1966 inomni
935 1902 994 1981 abi,
1022 1901 1048 1965 si
1071 1900 1210 1967 videlieet
1236 1924 1306 1988 pro·

202 2012 356 2077 ducantur
378 2012 500 2077 termini
528 2012 675 2077 babentes
696 2014 766 2091 abi,
788 2034 862 2076 nam
879 2012 1026 2099 quamdiu
1047 2014 1081 2079 hi
1101 2013 1225 2078 termini
1242 2035 1306 2078 uon

202 2124 426 2208 producuntur,
437 2123 557 2188 nullum
566 2126 617 2189 ubi
631 2125 772 2204 habetur,
782 2124 837 2189 sed
852 2132 972 2191 tantum
988 2125 1174 2209 possibilitas
1186 2126 1307 2189 infinita

203 2236 426 2315 ubieationum,
440 2259 509 2321 quae
523 2218 700 2301 continetur
720 2236 892 2301 eminenter
906 2234 940 2300 in
954 2236 1020 2320 ipsa
1040 2236 1257 2316 immensitate,
1276 2246 1307 2301 et

201 2357 249 2412 est
259 2348 326 2433 ipsa
335 2348 506 2413 virtualitas
519 2348 642 2413 infinita
654 2348 882 2413 immensitatis.
929 2348 1093 2434 Ubiquitas
1109 2371 1181 2433 ergo
1193 2348 1306 2413 Divina

201 2469 249 2523 est
264 2461 330 2545 ipsa
345 2459 518 2524 substantia
532 2460 591 2525 Dei
612 2468 647 2524 nt
670 2480 805 2545 praesens
829 2459 997 2525 seeundum
1019 2484 1051 2523 se
1075 2459 1105 2524 in
1130 2460 1214 2525 omni
1236 2462 1305 2524 nbi:

202 2580 235 2636 et
252 2571 420 2636 certissime
433 2580 480 2635 est
495 2571 639 2656 perfectio
653 2572 783 2637 infinita.

248 2682 310 2746 Sed
338 2705 401 2746 non
431 2682 530 2747 multo
558 2682 661 2747 labore
689 2705 767 2768 opus
797 2693 854 2762 est,
880 2692 914 2747 ut
943 2683 1134 2769 intelligatur
1162 2683 1306 2748 virtutem

203 2795 340 2859 materiae
366 2816 430 2858 non
455 2794 567 2859 habere
593 2795 878 2859 determinationem
905 2795 944 2859 ad
970 2795 1133 2861 essendum
1163 2794 1305 2859 substan-

201 2905 316 2970 tialiter
336 2905 369 2969 in
391 2906 476 2971 omni
498 2907 558 2985 adi,
574 2905 628 2969 sed
646 2914 768 2970 tautum
787 2906 1071 2971 determinationem
1088 2906 1127 2970 ad
1141 2906 1304 2972 essendum

196 3041 256 3103 per
275 3019 390 3082 modum
411 3018 569 3083 accidentis
590 3018 622 3081 in
645 3017 781 3103 quolibet
804 3020 1032 3103 atiquatenus
1054 3018 1150 3081 virtus
1172 3017 1306 3083 materiae

202 3131 401 3195 constituitur
422 3152 515 3215 capax
540 3130 752 3215 applicationis
776 3130 817 3194 ad
842 3129 1009 3215 quamlibet
1033 3130 1123 3194 aliam
1147 3132 1305 3195 materiam

202 3240 236 3304 in
248 3241 445 3326 quolibetubi
455 3240 642 3305 collocatam.
688 3241 768 3305 Nam
782 3241 878 3303 virtus
890 3242 1033 3320 materiae,
1046 3249 1081 3304 ut
1093 3240 1167 3305 dicit
1175 3242 1305 3306 formam

204 3351 444 3430 substantialem,
461 3360 508 3415 est
528 3362 615 3415 actus
637 3351 879 3416 substantialiter
897 3352 1029 3416 existens
1050 3352 1082 3415 in
1098 3352 1150 3416 illo
1166 3352 1230 3415 solo
1244 3355 1304 3430 uti,

204 3465 236 3528 in
260 3486 322 3549 quo
341 3472 389 3527 est
413 3464 648 3546 eius-materia:
673 3463 736 3541 sed,
759 3473 795 3526 ut
819 3472 866 3527 est
886 3463 1008 3528 realitas
1031 3463 1130 3528 adhuc
1153 3466 1305 3530 actuativa

202 3585 316 3655 motus,
332 3575 407 3640 dicit
420 3577 559 3640 ordinem
577 3576 614 3640 ad
638 3582 740 3640 actum
761 3575 1000 3640 accidentalem:
1024 3589 1055 3639 et
1073 3576 1115 3640 sic
1131 3578 1229 3641 virtus
1252 3577 1305 3642 illa

201 3703 248 3752 est
271 3688 472 3752 determinata
493 3688 532 3751 ad
554 3687 718 3751 essendum
741 3688 772 3751 in
795 3687 931 3772 quolibet
954 3689 1004 3749 abi
1018 3710 1072 3770 per
1087 3687 1213 3750 modum
1228 3688 1304 3751 acci·-
1398 3774 1403 3781 Ι

203 3801 313 3881 dentis,
328 3822 392 3864 nou
415 3822 469 3884 per
489 3799 615 3864 modum
636 3799 835 3863 substantiae:
859 3809 890 3862 et
911 3798 1034 3884 quidem
1053 3819 1115 3861 non
1134 3798 1304 3863 seeundum

202 3934 245 3991 se,
260 3932 317 3975 nec
331 3910 501 3975 secundum
516 3910 617 3995 ipsum
632 3918 746 3987 actum,
757 3919 792 3973 ut
807 3932 824 3973 e
839 3932 871 3973 se
886 3908 1097 3993 prodeuntem,
1114 3909 1167 3971 sed
1183 3918 1305 3974 tantum

202 4022 371 4087 secundum
400 4022 574 4107 passionem
603 4031 705 4085 motus
734 4020 915 4106 productam
945 4020 978 4083 in
1008 4020 1138 4083 termino
1171 4020 1303 4087 ubieato.

203 4134 278 4199 Haec
293 4143 397 4199 autem
411 4134 512 4218 passio
528 4133 640 4219 pendet
655 4155 673 4197 a
688 4132 834 4196 distantia
852 4131 1032 4216 interposita
1049 4132 1130 4195 inter
1152 4142 1303 4213 centrum,

200 4267 237 4309 ex
263 4267 327 4330 quo
351 4244 503 4329 dirigitur,
528 4254 559 4308 et
585 4253 733 4322 centrum,
758 4244 790 4306 in
818 4266 879 4328 quo
904 4244 1048 4328 recipitur
1074 4244 1170 4317 aetio;
1201 4246 1244 4309 ita
1270 4258 1304 4310 ut
1364 4318 1367 4325 ,

188 4358 363 4421 ‘intensitas
393 4365 488 4436 actus,
513 4378 574 4441 quo
604 4364 744 4420 actuatur
767 4365 880 4434 motus,
906 4355 1012 4419 tendat
1036 4355 1243 4421 indesinenter
1267 4360 1305 4423 ad

1116 4490 1134 4532 L
