3200 4984
297 369 341 431 92
616 391 660 433 nx
677 390 879 435 suasrxrvmr
899 390 1082 433 corrosas.
1278 368 1362 451 [cnr.
1381 388 1404 431 1.

298 553 396 618 forma
410 552 559 619 naturalis
574 555 637 639 pati
652 555 749 640 possit
757 581 768 633 ;
792 553 846 618 sed
861 554 952 619 etiam
966 552 1105 618 absolute
1119 560 1240 638 oportet
1254 551 1314 617 dici
1329 574 1402 618 con·

297 664 444 744 trarium3
467 689 562 752 quum
579 688 615 731 ex
628 666 785 751 praedictis
800 675 920 732 constet
938 665 1056 729 nnllam
1072 665 1201 729 formam
1215 664 1403 749 primitivam

297 777 417 862 exigere
436 788 489 842 aut
510 778 575 863 pati
595 800 684 863 posse
707 778 777 863 plus
799 801 892 865 quarn
914 800 1012 843 unum
1035 786 1187 863 punctum
1209 776 1402 841 inextensum

298 889 449 955 materiae:
478 898 510 954 et
534 889 603 954 ideo
625 890 743 954 nnllam
769 912 836 955 esse
859 889 903 955 ita
928 890 1087 955 minimam
1112 898 1229 975 partem
1254 888 1401 969 materiae,

297 999 464 1066 dnmmodo
489 1001 590 1066 adhuc
618 1002 807 1082 continuam,
832 1024 901 1088 quae
926 1023 988 1067 non
1014 1002 1115 1087 exigat
1140 1001 1244 1086 plures
1270 1001 1401 1080 formas3

297 1114 392 1179 immo
412 1113 565 1178 infinitam
584 1123 655 1179 actu
673 1114 840 1179 formarum
863 1113 1106 1193 multitudinem,
1121 1135 1176 1197 per
1191 1135 1267 1199 quas
1281 1113 1402 1177 infinita

296 1235 411 1312 puncta
425 1225 582 1293 inextensa
595 1235 758 1292 actnentur
772 1234 844 1291 actu
859 1225 1013 1292 distincta.

340 1338 512 1403 Fatendum
530 1348 635 1403 tamen
654 1346 712 1418 est,
730 1340 761 1404 S.
778 1338 939 1418 rhomam,
955 1346 986 1403 et
1006 1360 1112 1403 omnes
1127 1338 1181 1423 qui
1196 1337 1401 1402 admittebant

295 1458 428 1536 quatuor
449 1434 550 1536 prima
564 1450 716 1515 elementa
738 1473 804 1515 esse
826 1450 942 1535 ignem,
958 1472 1068 1530 aerem,
1084 1473 1195 1535 aquam
1221 1458 1252 1514 et
1275 1459 1398 1528 terram,

296 1561 437 1627 debuisse
459 1585 572 1648 ponere
596 1561 754 1627 minimam
770 1562 973 1647 quantitatem
997 1562 1141 1643 materia,
1163 1584 1224 1648 qna
1249 1562 1399 1626 minorem

295 1673 381 1737 nulla
401 1674 500 1738 forma
521 1672 670 1738 naturalis
691 1673 757 1758 pati
778 1682 899 1758 posset:
922 1696 995 1738 narn
1016 1696 1073 1758 pro
1090 1674 1189 1738 forma
1203 1674 1335 1738 naturali
1350 1674 1398 1737 in·

294 1783 476 1848 tellexerunt
497 1783 540 1863 id,
555 1807 592 1848 ex
609 1806 671 1870 quo
689 1784 842 1849 resultant
862 1784 1063 1870 proprietates
1078 1784 1237 1849 sensibiles
1251 1808 1285 1851 ac
1301 1787 1397 1871 speria

294 1896 358 1959 ficae
380 1894 619 1960 substantiarum
643 1894 732 1959 nobis
754 1897 959 1979 cognitarum.
1004 1895 1113 1961 Plures
1134 1897 1218 1960 enim
1247 1896 1398 1961 eiusmodi

295 2006 495 2092 proprietates
506 2015 663 2091 nequeunt
674 2007 769 2071 fluere
778 2029 815 2071 ex
825 2007 917 2072 unica
927 2007 956 2071 vi
965 2007 1101 2073 localiter
1112 2008 1233 2088 motiva,
1246 2017 1282 2072 ut
1293 2017 1398 2095 patet3

295 2119 348 2183 sed
362 2119 498 2205 pendent
513 2118 551 2183 ab
566 2120 666 2205 aliqua
681 2119 868 2183 connexione
882 2119 1060 2198 formarum,
1076 2142 1144 2205 quae
1159 2119 1271 2183 debent
1285 2120 1398 2185 babere

294 2231 426 2315 singulae
441 2254 528 2297 suam
543 2229 710 2296 materiam.
754 2231 797 2294 nt
818 2230 886 2295 ideo
900 2231 1075 2316 complexus
1089 2232 1312 2316 proprietatum
1327 2255 1398 2297 sen·

295 2342 439 2422 sibilium,
450 2366 518 2428 quae
532 2343 640 2407 insunt
652 2342 728 2427 igni,
738 2365 834 2427 aquae,
846 2341 919 2423 aeri,
930 2352 1019 2407 terrae
1033 2350 1064 2407 et
1080 2344 1256 2427 compositis
1270 2343 1396 2429 reliquis

293 2454 556 2534 substantialibus,
570 2454 665 2539 exigit
679 2453 750 2539 plus
764 2475 857 2538 quarn
873 2476 971 2517 unum
986 2466 1138 2539 punctum
1153 2457 1296 2520 materiae.
1335 2456 1396 2520 Sed

292 2568 384 2651 longe
409 2567 497 2632 aliter
520 2589 553 2630 se
576 2565 669 2631 habet
694 2589 752 2646 res,
769 2564 795 2629 si
818 2548 1030 2630 consideretur
1044 2566 1143 2631 forma
1160 2566 1213 2631 illa
1230 2568 1394 2652 primitiva,

292 2702 453 2765 perquam
468 2700 558 2742 omne
573 2687 724 2763 punctum
736 2678 872 2742 materiae
886 2678 1007 2743 realiter
1021 2678 1153 2742 existens
1168 2679 1200 2743 in
1216 2681 1394 2764 composito,

292 2789 407 2854 actuari
433 2789 533 2854 debet.
578 2790 690 2853 Forma
712 2812 786 2873 ergo
816 2788 963 2854 naturalis
993 2790 1153 2874 compositi
1182 2791 1276 2875 exigit
1304 2790 1395 2876 plura

292 2910 407 2985 puncta
420 2901 562 2980 materiae,
575 2901 629 2965 sed
643 2900 834 2986 peripatetici
844 2901 1072 2965 confundebant
1081 2902 1212 2966 formam
1222 2903 1393 2968 naturalem

292 3034 362 3076 cum
383 3013 483 3077 forma
504 3012 609 3077 stricte
630 3012 836 3091 substantiali,
858 3035 921 3076 non
944 3012 1145 3095 advertentes,
1169 3014 1253 3078 aliud
1275 3038 1340 3080 esse
1361 3016 1394 3080 id

292 3124 376 3210 qnod
398 3124 451 3188 dat
475 3124 610 3209 primurn
636 3145 702 3188 esse
725 3123 876 3208 partibus,
894 3123 979 3187 aliud
1002 3124 1035 3188 id
1060 3125 1142 3210 quod
1168 3125 1306 3209 partibus
1331 3128 1397 3191 iam

291 3236 492 3301 existentibus
507 3236 560 3300 dat
574 3235 667 3300 talem
681 3258 793 3299 nexum
810 3235 848 3299 ad
864 3235 1111 3300 constituendam
1126 3236 1219 3301 talem
1239 3248 1391 3303 naturam.

290 3349 369 3413 Vide
384 3371 452 3435 quae
466 3348 599 3415 diximus
613 3348 646 3412 in
663 3355 797 3413 tractatu
820 3347 857 3412 de
880 3347 1038 3433 principiis
1061 3348 1267 3413 constitutivis
1289 3372 1392 3415 rerum

290 3460 477 3526 naturalium
491 3483 558 3545 cap.
573 3463 604 3524 3.
643 3459 780 3524 Tandem
795 3460 894 3524 notari
909 3459 1009 3540 debet,
1020 3460 1104 3545 qnod
1118 3460 1210 3525 etiam
1227 3460 1298 3525 dato
1310 3462 1396 3546 quod

290 3574 389 3661 prima
411 3573 561 3637 elementa
585 3555 736 3636 naturalia
761 3572 907 3636 deberent
929 3572 1003 3656 poni
1022 3573 1199 3657 composita,
1214 3583 1250 3637 nt
1271 3574 1392 3658 possint

289 3709 344 3771 per
365 3686 494 3750 formam
515 3684 685 3748 naturalem
707 3684 823 3749 actuari
845 3683 939 3769 (quod
954 3683 1086 3749 vidimus
1102 3686 1249 3769 quamsit
1264 3686 1389 3771 falsum)

289 3823 352 3864 non
377 3807 480 3866 tamen
507 3796 645 3883 sequitur
668 3795 871 3882 quantitatem
897 3796 1116 3881 compositieo
1141 3796 1209 3882 ipso
1231 3798 1296 3862 fore
1318 3820 1392 3862 con·

289 3912 420 3977 tinuam.
457 3908 524 3974 Nec
541 3908 730 3993 peripatetici
744 3908 802 3972 boc
817 3930 955 3992 unquam
971 3907 1085 3972 directe
1100 3908 1307 3973 demonstrare
1322 3919 1390 3974 ten·

289 4030 441 4101 taverunt,
457 4020 511 4086 sed
525 4044 562 4085 ex
575 4019 752 4085 testimonio
767 4042 914 4084 sensuum
930 4018 1107 4104 simpliciter
1121 4019 1166 4084 ita
1179 4042 1245 4085 esse
1260 4022 1390 4085 affirma·

289 4144 408 4213 verunt,
423 4132 535 4197 additis
557 4130 748 4215 argumentis
768 4131 807 4195 de
830 4131 1034 4215 repugnantia
1047 4131 1135 4196 vacui
1155 4139 1186 4196 et
1207 4133 1334 4196 actionis
1355 4135 1389 4198 in

288 4249 416 4312 distans.
438 4257 441 4261 ’
460 4244 503 4307 At
522 4266 578 4307 nec
597 4244 656 4307 ista
673 4242 840 4328 quidquam
856 4242 997 4327 probant,
1014 4266 1070 4307 nec
1086 4266 1193 4308 sensus
1209 4254 1282 4309 sunt
1296 4244 1389 4310 validi

288 4367 380 4423 testes
395 4358 428 4421 in
442 4355 499 4419 hac
514 4354 647 4434 materia,
660 4363 694 4418 ut
710 4378 801 4439 supra
813 4355 953 4419 vidimus.
