3200 4984
284 352 347 415 104
620 372 662 415 aa
679 370 879 415 sunrrxnrrx
895 370 1074 415 conronnx.
1256 350 1344 434 [oxa.
1361 370 1386 413 1.

323 538 439 603 Fluxus
454 538 562 623 puncti
582 538 746 603 materialis
769 538 816 603 vel
836 538 1007 625 concipitur
1028 536 1094 601 fieri
1115 558 1219 602 versus
1234 544 1392 621 punctum·

280 648 435 714 materiale
449 649 618 734 proximius
632 650 776 730 existens,
792 648 839 715 vel
854 672 959 715 versus
978 659 1127 735 punctum
1150 647 1317 732 proximius
1333 646 1386 711 de·

281 759 430 845 signabile
458 759 493 824 in
520 782 627 826 vacuo.
682 760 799 825 Fluxus
834 761 941 846 puncti
972 759 1137 825 materialis
1164 758 1206 825 ad
1235 765 1385 843 punctum

281 868 436 935 materiale
457 868 625 954 proximius
647 871 789 950 existens,
811 892 873 935 non
895 879 942 935 est
962 871 1063 935 fluxus
1086 870 1125 934 ad
1144 879 1294 955 punctum
1312 890 1385 933 con-

281 962 414 1065 tiguum,
437 980 509 1067 quia
532 980 614 1046 inter
639 989 789 1066 punctum
816 1004 913 1046 unum
941 981 1020 1045 reale
1043 990 1074 1045 et
1099 980 1183 1045 aliud
1205 979 1385 1043 distinctum

282 1092 373 1156 datur
391 1091 585 1176 interruptio,
602 1102 638 1161 ut
660 1101 755 1176 patet.
802 1092 863 1155 Hic
886 1092 986 1156 fluxus
1005 1091 1117 1155 dicitur
1135 1090 1223 1155 realis
1238 1088 1385 1168 formalis,

282 1203 354 1289 quia
371 1215 418 1268 est
433 1203 513 1267 inter
527 1205 674 1267 terminos
688 1203 784 1267 reales
798 1202 967 1267 formaliter
978 1203 1141 1268 existentes
1149 1227 1158 1281 3
1174 1211 1206 1266 at
1221 1200 1388 1297 nonhabet
1481 1274 1486 1277 ,

282 1314 320 1379 ab
335 1315 397 1379 illis
411 1316 657 1395 continuitatem,
670 1315 723 1379 sed
739 1315 886 1379 terminos
898 1315 945 1379 sui
960 1315 1107 1379 continui.
1155 1314 1269 1378 Florus
1284 1321 1387 1377 autem

282 1427 390 1512 puncti
416 1427 580 1492 materialis
606 1427 644 1491 ad
673 1436 824 1512 punctum
854 1427 1021 1512 proximius
1047 1426 1210 1511 cogitabile
1236 1426 1268 1489 in
1293 1448 1389 1490 vacuo

283 1539 491 1604 circumdante
520 1548 566 1603 est
596 1539 697 1604 fluxos
720 1539 761 1603 ad
787 1547 936 1624 punctum
965 1538 1101 1618 virtuale,
1127 1560 1189 1602 non
1216 1537 1387 1624 physicum.

284 1652 404 1717 Puncta
432 1660 535 1717 autem
565 1652 629 1716 haec
659 1650 801 1715 virtualis
830 1672 893 1715 non
922 1651 1037 1715 habent
1066 1652 1147 1714 inter
1173 1674 1205 1715 se
1234 1660 1287 1715 aut
1317 1673 1388 1715 oum

284 1764 408 1846 punctis
430 1764 565 1827 materiae
585 1785 641 1827 nec
660 1762 817 1827 formalem
840 1771 1025 1842 contactum,
1042 1785 1099 1827 nec
1119 1762 1276 1827 formalem
1299 1785 1388 1846 sepa-

284 1874 444 1937 rationem.
482 1860 564 1937 Nam
580 1874 716 1937 formalis
728 1882 888 1938 contactus
903 1882 932 1937 et
948 1872 1084 1939 formalia
1100 1874 1248 1959 separatio
1263 1874 1390 1958 exigunt

285 1984 363 2047 duos
385 1981 533 2047 terminos
553 1982 721 2047 formaliter
741 1985 912 2048 existentes.
961 1983 1063 2061 Quare
1080 1984 1213 2069 incipere
1228 1985 1322 2049 fluere
1336 2008 1391 2069 per

285 2115 415 2160 vacuum
433 2116 495 2158 non
516 2103 562 2158 est
586 2104 704 2160 mutare
720 2095 898 2159 relationem
916 2095 1051 2160 formalis
1071 2105 1239 2175 contactus,
1258 2105 1311 2160 aut
1328 2095 1390 2159 fors

227 2217 236 2236 '
286 2206 375 2271 malis
395 2206 603 2291 separationis,
625 2206 678 2269 sed
696 2214 819 2270 tantum
842 2216 888 2271 est
910 2218 1030 2271 mutare
1051 2207 1229 2272 relationem
1252 2206 1390 2272 virtu-alis

286 2327 445 2384 contactus
459 2328 490 2382 et
505 2318 643 2382 virtualis
658 2318 866 2402 separationis.
1345 2311 1347 2315 ’

328 2430 510 2495 Virtualitas
530 2440 633 2494 antem
656 2430 719 2493 haec
742 2430 898 2494 relationis
919 2432 1016 2495 oritur
1038 2455 1074 2495 ex
1096 2454 1142 2513 eo,
1163 2431 1247 2517 quod
1268 2420 1351 2495 unus
1374 2455 1391 2495 e

284 2541 425 2607 terminis
447 2544 580 2607 relativis
606 2523 756 2624 (uidelicet
779 2552 930 2628 punctum
952 2544 1140 2627 designabile
1162 2544 1197 2608 in
1219 2545 1324 2627 vacuo)
1352 2542 1392 2606 sit

285 2654 410 2739 quidem
421 2654 523 2740 aliqua
537 2645 668 2733 realitas,
682 2654 735 2717 sed
749 2678 812 2718 non
828 2654 938 2719 habeat
954 2654 986 2719 in
1000 2678 1032 2720 se
1042 2652 1238 2721 intrinsecam
1250 2657 1390 2733 formam,

286 2788 346 2849 qua
366 2766 572 2829 constituatur
591 2767 624 2828 in
647 2788 712 2828 esse
732 2766 859 2849 puncti;
883 2789 979 2851 quum
1003 2768 1137 2851 spatium
1160 2790 1223 2832 non
1246 2769 1391 2831 sitcom·

284 2876 422 2958 positum
436 2898 475 2939 ex
490 2876 624 2960 punctis,
641 2876 741 2939 sedin
758 2898 814 2939 sua
829 2877 1015 2943 virtualitate
1031 2879 1141 2943 fundet
1156 2878 1389 2963 possibilitatem

284 2985 428 3050 ubicandi
448 2996 564 3070 puncta
585 2987 729 3064 materiae,
753 3009 821 3071 quae
848 2988 911 3051 sola
937 2998 1009 3053 sunt
1024 3001 1140 3074 puncta
1161 2991 1311 3056 formalia.
1358 2989 1392 3053 Si

284 3119 357 3181 ergo
379 3097 488 3162 existat
510 3108 661 3182 punctum
685 3099 840 3163 materiale
861 3101 895 3163 in
919 3100 1055 3184 quolibet
1078 3112 1193 3187 puncto
1213 3104 1304 3188 spatii
1325 3104 1391 3185 (seu

284 3208 338 3273 tali
353 3232 371 3272 a
385 3207 474 3272 nobis
489 3209 686 3273 denominato
701 3220 826 3295 propter
846 3221 996 3295 punctum
1012 3214 1147 3278 materiae
1165 3216 1309 3299 praesens)
1327 3236 1391 3278 non

284 3318 352 3383 ideo
367 3327 518 3403 punctum
540 3321 631 3404 spatii
651 3322 759 3406 accipit
783 3322 978 3385 intrinsecam
1001 3324 1141 3403 formam,
1162 3347 1328 3410 per-quam
1343 3324 1390 3388 in-

284 3430 414 3493 trinsece
429 3438 459 3494 et
474 3430 641 3495 formaliter
656 3432 860 3495 constituatur
875 3431 908 3494 in
923 3454 988 3496 esse
1004 3434 1120 3518 puncti,
1130 3435 1391 3499 etdeterminetur

284 3542 404 3605 adesse
419 3541 540 3626 puncti,¹
554 3542 607 3605 sed
622 3550 745 3605 tantum
766 3542 876 3626 accipit
896 3541 1175 3607 denominationem
1190 3545 1389 3609 extrinsecam

283 3653 507 3718 terminativam
529 3676 584 3737 per
606 3632 798 3738 praesentiam
825 3654 959 3733 termini,
987 3677 1041 3718 seu
1064 3656 1172 3740 incipit
1199 3656 1389 3721 denominari

283 3772 434 3849 punctum
456 3757 519 3828 uon
538 3764 567 3826 vi
581 3763 719 3827 alicuius
736 3762 930 3827 formalitatis
952 3786 1024 3842 suae,
1049 3765 1102 3829 sed
1117 3766 1147 3829 vi
1161 3766 1297 3831 formalis
1312 3767 1389 3831 exis·

283 3876 387 3939 tentiae
412 3875 519 3959 puncti
546 3874 710 3939 materialis
734 3876 764 3938 in
791 3876 868 3959 ipso
917 3876 1012 3960 Atqui
1038 3899 1106 3960 quae
1121 3878 1299 3942 'formaliter
1324 3900 1387 3942 non

283 3988 418 4054 existunt
430 3996 590 4071 nequeunt
605 3984 772 4050 formaliter
786 3995 911 4070 tangere
927 3997 980 4049 aut
995 3988 1083 4070 tangi
1091 4013 1101 4064 ;
1123 4010 1196 4073 ergo
1211 3988 1315 4053 nullus
1330 3990 1388 4055 erit

282 4098 418 4164 formalis
438 4106 596 4161 contactus
618 4098 726 4181 puncti
749 4097 913 4161 materialis
936 4120 1006 4161 cum
1030 4108 1145 4183 puncto
1164 4100 1255 4184 spatii
1272 4100 1306 4164 in
1326 4122 1388 4185 quo

282 4220 347 4273 est:
374 4219 406 4272 et
431 4232 449 4271 a
472 4208 592 4271 fortiori
618 4206 724 4271 nullus
749 4209 805 4271 erit
830 4208 965 4272 formalis
992 4217 1152 4275 contactus
1178 4234 1248 4275 cum
1273 4188 1388 4297 puncto

283 4318 438 4401 cogitabili
453 4318 538 4381 vacui
554 4318 727 4396 immediate
744 4328 898 4403 sequente,
