3200 4984
314 356 354 418 18
732 377 775 422 on
792 377 979 423 rarscrrrrs
1269 359 1354 444 [car.
1371 379 1413 424 11.

311 542 430 627 passiva
451 542 544 610 habet
567 543 717 608 rationem
739 545 880 629 principii
903 543 1044 613 defectivi
1058 543 1211 610 afferentis
1225 542 1412 628 imperfecti·

309 676 399 720 onem
423 655 496 720 enti.
543 655 634 720 Unde
649 656 796 741 sequitur,
813 656 896 742 qnod
911 657 1037 721 materia
1050 656 1150 741 prima
1164 655 1204 720 sit
1225 654 1411 740 principium

310 764 488 830 substantiae
499 764 671 844 materialis,
684 788 746 830 non
759 766 791 830 in
807 767 865 830 boc
881 789 973 830 sensu
987 766 1070 852 quod
1084 767 1219 832 conferat
1235 765 1280 830 illi
1294 765 1410 850 aliquid

307 876 456 954 entitatis,
473 875 525 940 sed
541 877 573 939 in
588 875 646 940 hoc
661 899 753 940 sensu
767 878 851 962 quod
865 879 1055 963 constringat
1070 878 1153 944 illins
1174 878 1335 944 entitatem
1356 898 1411 960 per

310 1008 396 1050 snam
412 985 681 1070 imperfectionem.

353 1099 405 1162 27.
432 1095 585 1173 Quaritur
607 1105 726 1180 quarto,
749 1079 890 1180 quomodo
914 1099 1038 1162 marma
1053 1100 1166 1183 poma,
1184 1121 1250 1182 quo
1271 1106 1315 1162 ert
1329 1119 1409 1181 pura

303 1209 445 1291 privatio,
462 1209 520 1271 dici
528 1210 626 1292 possit
634 1210 781 1291 potentia.

353 1318 543 1403 Responde0,
571 1329 751 1403 conceptum
777 1319 910 1384 materiae
933 1320 1040 1405 primae
1062 1319 1195 1384 obtineri
1217 1342 1235 1382 a
1258 1319 1348 1384 nobis
1372 1341 1409 1384 ex

309 1430 436 1498 materia
458 1430 616 1510 existente,
643 1453 698 1515 per
723 1430 942 1514 operationem,
968 1453 1030 1514 qua
1055 1430 1094 1494 ab
1120 1453 1155 1494 ea
1177 1429 1409 1514 praescindimua

308 1541 447 1620 formam,
464 1563 517 1605 seu
533 1550 635 1606 aetum
651 1541 758 1625 ipsius.
805 1541 914 1624 Itaque
929 1541 1054 1605 materia
1069 1541 1167 1625 prima
1182 1550 1228 1604 est
1242 1548 1408 1624 conceptus

309 1651 488 1719 substantiae
503 1651 666 1716 materialis
685 1652 810 1735 privatae
829 1673 884 1736 per
903 1652 1111 1735 operationem
1130 1651 1243 1714 mentis
1262 1673 1317 1715 ano
1337 1660 1408 1718 actu

308 1762 438 1832 essendi.
483 1762 584 1826 Debet
607 1785 680 1846 ergo
701 1763 733 1827 id
753 1763 836 1846 quod
852 1771 991 1847 superest
1006 1786 1071 1826 esse
1085 1785 1162 1846 pura
1176 1762 1306 1846 privatio
1320 1765 1407 1828 aetus

306 1872 467 1938 entitativi.
503 1873 540 1936 ln
556 1873 613 1936 hoc
629 1882 731 1936 autem
747 1873 951 1956 distinguitur
964 1872 1094 1955 privatio
1108 1895 1127 1936 a
1140 1894 1218 1955 pura
1232 1872 1407 1957 negatione,

306 1983 389 2068 quod
409 1983 538 2067 privatio
561 1993 704 2048 connotet
720 1993 902 2068 respectum,
918 2006 1011 2068 quem
1026 2006 1088 2047 non
1104 1992 1249 2048 connotat
1263 1985 1386 2068 negatio
1395 2010 1405 2062 ;

304 2103 350 2160 est
374 2096 456 2160 euim
481 2096 604 2180 negatio
628 2095 756 2180 simplex
782 2095 915 2160 carentia
939 2095 1086 2176 entitatis,
1114 2095 1242 2179 privatio
1262 2117 1332 2159 vero
1357 2103 1405 2159 eat
1497 2087 1500 2092 ¹

305 2205 439 2270 carentia
454 2204 487 2268 in
503 2205 639 2269 subiecto
655 2214 737 2289 apto,
753 2214 788 2268 ut
804 2228 897 2290 supra
912 2205 1028 2269 dictum
1043 2214 1099 2270 est.
1146 2204 1208 2269 Sed
1222 2206 1354 2268 carentia
1370 2205 1404 2270 in

305 2316 442 2382 subiecto
458 2327 529 2402 apto
545 2317 619 2381 dicit
634 2317 912 2401 potentialitatem3
936 2339 1009 2400 ergo
1030 2317 1159 2400 privatio
1175 2317 1249 2380 dicit
1270 2317 1404 2400 potenti-

303 2429 449 2496 alitatcm.
498 2429 557 2509 Sic,
577 2429 700 2513 quando
722 2429 802 2492 linea
825 2427 937 2492 dicitur
959 2450 1064 2492 carens
1086 2428 1243 2508 divisione,
1259 2429 1310 2492 cui
1332 2437 1403 2513 apta

302 2549 348 2604 est
365 2541 482 2620 subiici,
499 2541 611 2605 dicitur
626 2541 659 2602 in
674 2539 812 2623 potentia
827 2540 865 2604 ad
881 2538 1080 2603 divisionem:
1103 2547 1135 2604 et
1154 2539 1278 2623 quando
1296 2562 1403 2605 saxum

303 2653 439 2736 privatur
454 2663 524 2719 actu
540 2653 677 2729 cadendi,
687 2661 733 2717 est
749 2653 780 2715 in
796 2675 874 2736 pura
888 2652 1026 2735 potentia
1040 2651 1079 2715 ad
1094 2652 1277 2716 cadendum.
1298 2653 1401 2738 Atque

302 2765 366 2828 haec
382 2764 533 2847 explicant
549 2764 701 2848 quomodo
716 2764 843 2826 materia
854 2763 952 2847 prima
963 2763 1003 2826 sit
1014 2763 1232 2847 potentialitaa.
1254 2764 1402 2828 ductores

302 2884 405 2938 autem
428 2875 584 2937 materiam
608 2875 738 2959 primam
754 2874 862 2938 dieunt
876 2896 939 2937 non
955 2875 1055 2942 solum
1069 2874 1333 2958 potentialitatem,
1349 2875 1403 2939 sed

301 2985 489 3070 potentiam,
512 2994 542 3048 et
558 2986 600 3050 sie
615 2986 653 3049 ab
669 2985 775 3048 ordine
790 2985 944 3068 abstracto
963 2994 994 3048 et
1013 2984 1222 3071 metaphysieo
1241 2994 1402 3051 transeunt

301 3096 341 3168 ad
367 3104 542 3159 concretum
569 3104 599 3160 et
625 3096 797 3180 physicum,
813 3104 844 3160 et
869 3096 1063 3160 considerant
1087 3097 1245 3161 materiam
1270 3097 1401 3182 primam

301 3216 458 3291 tamquam
474 3206 588 3291 aliquid
604 3207 637 3280 iri
651 3217 761 3272 natura
783 3231 885 3272 rerum
908 3209 1050 3286 existens,
1065 3208 1137 3271 licet
1158 3208 1312 3272 fateantur
1334 3232 1401 3274 eam

301 3341 364 3384 non
380 3319 506 3382 existere
522 3319 587 3383 siue
602 3319 709 3384 forma.
756 3320 825 3387 Hoc
839 3328 941 3382 autem
957 3319 1026 3382 ideo
1040 3329 1195 3403 eoguntur
1209 3320 1314 3400 facere,
1330 3321 1401 3406 qnia

301 3440 492 3514 supponunt,
515 3431 628 3494 formas
651 3432 877 3509 substantiales,
895 3455 948 3496 seu
969 3433 1076 3496 dantes
1096 3433 1230 3516 primum
1251 3456 1317 3496 esse
1337 3457 1400 3497 ma-

300 3541 384 3606 teriae
405 3542 522 3625 primae,
538 3564 626 3626 posse
649 3543 786 3614 recedere
808 3565 826 3605 a
847 3542 974 3606 materia
995 3542 1103 3626 prima,
1119 3543 1186 3606 aliis
1204 3543 1310 3608 formis
1328 3544 1400 3608 sub-

300 3653 496 3718 stantialibus
512 3654 545 3717 in
560 3677 665 3718 earum
679 3632 786 3717 locum¹
797 3654 1041 3745 succedentibus.
1088 3655 1158 3733 Sed,
1174 3655 1320 3739 quiahoc
1336 3679 1400 3721 non

299 3766 397 3828 solum
415 3774 461 3828 est
476 3765 656 3849 gratuitum,
673 3764 726 3827 sed
740 3765 833 3832 etiam
844 3765 955 3837 falsum
969 3767 1016 3848 (nt
1027 3765 1151 3829 evidens
1160 3766 1213 3830 fiet
1224 3788 1260 3830 cx
1270 3789 1400 3851 sequen-

299 3877 395 3956 tibus)
399 3877 481 3956 ,ideo
491 3899 554 3940 nou
564 3876 709 3940 debemus
721 3876 1021 3960 acciperemateriam
1032 3877 1163 3960 primam
1175 3885 1210 3941 ut
1219 3877 1400 3944 existentem

298 3989 419 4052 realiter
440 3987 497 4050 sub
516 3987 617 4071 aliqua
636 3987 744 4052 forma.
789 3987 891 4057 Immo
912 3987 990 4051 illud
1006 3987 1109 4072 ipsum
1128 3997 1175 4051 est
1190 3988 1354 4055 ridiculum
1369 4000 1400 4055 et

298 4099 577 4178 contradictorium,
600 4100 698 4164 dicere
727 4099 885 4168 materiam
914 4098 1045 4184 primam
1074 4121 1140 4162 esse
1169 4099 1202 4162 in
1226 4101 1401 4168 substantia

298 4210 447 4278 materiali
472 4209 661 4276 naturaliter.
706 4210 788 4274 Nam
816 4209 895 4274 sieut
919 4209 1083 4274 ridiculum
1113 4219 1193 4275 esset
1222 4220 1252 4276 et
1278 4221 1400 4278 contra·

298 4322 461 4388 dictoriam
485 4321 582 4387 dicere
602 4323 725 4386 eodum
745 4344 806 4390 esse
820 4324 852 4384 iu
867 4321 997 4399 animoli,
1014 4320 1062 4386 vel
1077 4323 1190 4386 animat
1201 4345 1262 4386 esse
1276 4325 1399 4388 eodum
