3200 4984
311 374 377 437 214
613 390 655 435 nn
672 390 878 435 sunsrsrrm
893 388 1076 435 consonas.
1257 369 1343 453 [orn.
1358 387 1413 431 111.

312 558 441 623 fortasse
455 556 582 641 cogitari
595 556 692 642 possit
707 556 809 641 aliqua
822 556 982 636 moloculn,
991 555 1079 621 cuius
1093 564 1227 642 systema
1240 554 1417 619 difficillimo

315 669 427 735 mutari
447 688 480 735 sa
496 670 586 735 sinat.
633 667 696 733 Sed
713 667 916 733 communiter
929 666 1094 753 loquendo,
1107 676 1139 731 et
1153 666 1345 752 experientias
1357 664 1418 751 ipsi

316 780 488 860 innitendo,
503 781 652 845 affirmare
671 800 835 865 possumus
853 778 1001 864 plurimas
1015 778 1181 845 moloculas
1194 801 1260 843 esse
1274 777 1418 863 praedicto

315 894 407 959 modo
436 892 619 973 alterabiles,
648 901 679 957 et
709 892 788 957 hanc
818 891 1028 957 alterationem
1057 891 1122 957 lieri
1154 913 1210 976 per
1244 890 1419 955 calorioum.

317 1006 434 1071 Omnes
456 1014 560 1081 autem
582 1006 694 1083 sciunt,
717 1002 883 1069 caloricum
908 1004 1113 1069 communitor
1135 1002 1260 1067 dilatare
1282 1024 1418 1086 corpora,

316 1141 383 1203 quae
405 1117 588 1203 liquefiunt:
613 1115 678 1181 luec
699 1125 804 1181 autem
819 1115 957 1181 dilatatio
972 1115 1081 1201 nequit
1096 1116 1172 1195 lieri,
1187 1115 1249 1180 uisi
1262 1114 1420 1179 molcouloe

316 1230 390 1315 ipsae
408 1229 534 1293 fremitu
552 1227 672 1293 calorici
690 1227 877 1307 dilatentur3
899 1227 984 1314 quod
1003 1228 1078 1292 dum
1092 1228 1139 1306 fit,
1152 1227 1303 1292 elementa
1315 1226 1420 1311 repul-

318 1342 391 1421 siva,
406 1340 518 1428 quibus
538 1339 744 1406 terminantur
766 1340 898 1405 exterius
920 1339 1086 1419 moloonlae,
1103 1348 1217 1423 urgent
1238 1362 1271 1403 se
1289 1338 1420 1403 invioem

317 1476 388 1517 cum
417 1452 524 1547 maiori
553 1452 663 1516 effectu
696 1459 822 1536 propter
856 1452 1002 1516 maiorem
1031 1451 1208 1517 distantiam
1244 1459 1419 1515 centrorum

318 1564 556 1641 attractivorum,
581 1564 661 1627 circa
684 1584 754 1648 quar
776 1563 917 1628 oscillant
941 1585 1012 1629 oum
1036 1562 1235 1648 amplioribus
1257 1562 1421 1627 oscillatio-

318 1675 421 1740 nibus.
466 1675 551 1751 Hinc
570 1684 672 1760 potest
692 1697 804 1759 corpus
821 1674 954 1741 solidum
970 1676 1037 1739 fieri
1051 1674 1151 1755 molle,
1165 1684 1198 1738 et
1210 1673 1373 1760 liquidum,
1388 1684 1422 1740 et

317 1787 490 1872 vaporiaari.
536 1785 700 1863 Quomodo
714 1796 818 1851 autem
834 1786 997 1853 calor-icum
1015 1786 1123 1851 dilatet
1140 1808 1276 1871 corpora,
1290 1785 1421 1870 longum

317 1910 397 1965 esset
418 1899 468 1964 hic
489 1899 659 1964 declarare:
682 1897 804 1963 videtur
826 1909 929 1963 tamen
952 1899 1000 1982 (ut
1014 1898 1113 1963 obiter
1128 1898 1239 1982 dicam)
1256 1897 1420 1963 caloricum

319 2015 421 2097 ipsum
435 2033 499 2075 non
514 2033 579 2075 esse
594 2010 654 2075 nisi
669 2019 790 2075 motum
805 2010 1004 2075 vibratorium
1019 2011 1256 2095 agitatissimum
1271 2010 1304 2073 in
1325 2010 1422 2075 mole·

319 2123 396 2188 culis
411 2147 439 2188 v.
455 2146 502 2207 gr.
518 2123 610 2207 ignis,
627 2122 680 2207 qui
696 2132 798 2189 motus
813 2122 963 2207 paulatim
977 2122 1109 2186 similem
1124 2122 1323 2207 agitationem
1337 2144 1422 2185 com-

221 2290 224 2294 .
310 2235 455 2299 -muuicat
483 2234 661 2319 corporibus
690 2234 723 2298 in
746 2256 816 2319 quae
837 2234 951 2300 influit.
996 2235 1072 2299 Haec
1086 2257 1157 2298 vero
1178 2233 1305 2318 agitatio
1327 2233 1423 2297 mole·

319 2345 429 2411 cularis
443 2345 534 2411 efficit
549 2357 585 2409 ut
600 2368 726 2430 corpora
740 2345 919 2426 dilatentur,
930 2355 962 2410 et
976 2368 1081 2413 eorum
1096 2346 1224 2410 oohaesio
1235 2344 1422 2426 debilitetur,

320 2468 356 2522 ut
382 2457 525 2536 diximus,
541 2458 584 2521 ita
597 2472 634 2521 ut
652 2457 771 2542 possint
785 2457 819 2521 in
833 2455 996 2541 liquidum,
1011 2467 1042 2520 et
1057 2457 1089 2521 iu
1104 2479 1245 2541 vaporem
1260 2457 1353 2520 etiam
1367 2456 1422 2520 ali·

320 2570 444 2655 quando
463 2568 618 2634 converti:
642 2578 674 2633 et
691 2569 760 2632 ideo
783 2568 947 2633 caloricum
968 2570 1059 2634 efficit
1079 2569 1113 2632 in
1133 2568 1256 2653 organis
1270 2568 1424 2634 sensitivis

319 2680 550 2766 impressionem
562 2679 690 2744 maxime
702 2679 883 2759 dolorosam,
895 2680 1019 2765 quando
1028 2689 1076 2744 est
1085 2702 1206 2765 magnae
1216 2679 1423 2761 intensitatis;

322 2792 414 2857 habet
429 2792 511 2856 enim
526 2792 589 2857 vim
603 2791 733 2855 mammo
748 2774 1042 2875 disorganizitivam.

366 2906 437 2968 122.
462 2904 588 2980 Dorum,
618 2902 712 2982 molle,
738 2903 898 2967 ebratioum.
959 2901 1027 2965 Iam
1041 2902 1183 2966 uidimus
1210 2923 1336 2986 corpora
1365 2900 1426 2966 dici

325 3015 401 3079 dura
415 3032 469 3099 per
483 3013 707 3099 oppositionem
724 3014 764 3078 ad
784 3014 908 3079 mollia:
930 3013 1105 3078 addendum
1124 3022 1181 3094 est,
1196 3036 1232 3078 ea
1251 3014 1311 3077 dici
1332 3014 1424 3078 etiam

323 3127 400 3190 dura
425 3147 479 3209 per
504 3124 728 3210 oppositionem
752 3125 792 3191 ad
817 3127 949 3190 elostico.
995 3126 1065 3191 Hoc
1093 3136 1196 3190 autem
1220 3126 1322 3190 differt
1344 3127 1427 3190 inter

324 3236 446 3312 durum,
466 3234 569 3313 molle,
584 3243 615 3299 et
637 3234 807 3314 elastioum‚
822 3236 907 3321 quod
927 3258 1054 3321 corpora
1075 3238 1152 3301 dura
1174 3246 1257 3315 sunt,
1272 3260 1341 3322 quae
1361 3258 1426 3302 non

324 3346 485 3432 patiuntur
511 3369 542 3410 se
565 3347 734 3432 comprimi,
760 3348 853 3428 trahi,
883 3348 965 3414 flecti
988 3358 1019 3413 et
1044 3350 1197 3434 torqueri:
1220 3350 1335 3428 mollia,
1357 3372 1427 3434 quae

255 3484 258 3489 ·
324 3459 389 3525 haec
412 3458 572 3543 patiuntur
596 3459 662 3523 sine
682 3459 819 3523 sensibili
835 3460 987 3525 reactionc
1004 3460 1044 3526 ad
1063 3461 1301 3547 recuperandam
1319 3461 1427 3547 primi-

291 3616 302 3627 -.
322 3572 418 3635 tivam
437 3571 588 3656 figuram:
619 3571 752 3650 elastioa,
772 3593 841 3656 qua
860 3572 925 3637 hoec
945 3573 1117 3657 patiuntur,
1136 3573 1190 3638 sed
1208 3584 1339 3659 reagunt
1357 3597 1426 3639 son·

326 3682 454 3751 sibiliter
468 3682 508 3748 ad
522 3683 760 3768 recuperandam
774 3684 908 3768 priorem
923 3686 1064 3769 liguram.

370 3794 473 3872 Quare
494 3795 657 3860 clasticitss
678 3795 711 3859 in
734 3818 846 3878 genere
867 3796 1057 3861 considerata
1072 3797 1192 3862 deliniri
1206 3806 1307 3882 potest
1321 3801 1365 3863 oio
1378 3822 1427 3863 rc-

326 3910 431 3992 offendi
460 3909 501 3972 ad
527 3909 756 3991 recuperandum
778 3910 935 3992 propriam
957 3909 1089 3993 fipurom
1117 3912 1232 3974 actione
1264 3914 1426 3976 extrinseco

327 4019 492 4083 alteratam.
552 4018 591 4083 In
621 4018 719 4103 specie
748 4041 818 4083 vero
848 4020 1085 4105 distinguuntur
1113 4023 1146 4085 in
1176 4044 1300 4106 oorpore
1329 4024 1427 4089 solido

325 4129 487 4194 elastioitas
501 4132 675 4212 pmsaionis,
691 4130 855 4195 clasticitas
877 4135 1040 4213 tractionis,
1055 4133 1218 4198 elasticitas
1233 4136 1377 4216 flexionis
1396 4145 1427 4201 et
1466 4188 1473 4200 .

325 4240 488 4305 clasticitas
509 4244 656 4319 torsionis,
673 4241 710 4305 de
730 4242 843 4327 quibus
859 4244 965 4308 statim
980 4243 1153 4330 loquemur.
1196 4245 1427 4312 Advertendum

326 4360 428 4413 autem
443 4362 489 4414 est
504 4352 624 4415 nullum
641 4352 770 4417 solidum
787 4354 909 4419 anobis
924 4358 1067 4441 cognosci
1082 4368 1135 4445 aut
1157 4358 1289 4442 perfecte
1304 4359 1427 4439 durum,
