3200 4984
447 1145 520 1236 ou
556 1143 745 1237 rarum
782 1145 1075 1238 raruorrus
1143 1072 1149 1080 ’

354 1432 607 1573 aaron
661 1468 1162 1574 ulruurmuu

543 1852 966 1866 ——n———.—

211 2137 241 2198 l.-
266 2109 549 2200 PRINCIPIUM
568 2133 680 2199 dicitur
697 2134 730 2198 id
748 2157 785 2198 ex
802 2155 864 2219 quo
887 2134 1004 2220 aliquid
1027 2135 1313 2222 quomodocumque

208 2247 355 2332 procedit.
387 2246 492 2310 Potest
501 2255 614 2325 autem,
625 2247 715 2310 iuxta
724 2246 757 2311 S.
769 2246 919 2309 Thomam
930 2249 959 2309 1.
969 2246 1059 2331 phys.
1069 2246 1139 2311 lect.
1152 2246 1184 2326 i.,
1196 2247 1313 2333 aliquid

208 2357 370 2442 procedere
390 2357 428 2420 ab
443 2357 503 2420 alio
517 2357 565 2421 vel
581 2366 738 2443 tamquam
754 2380 771 2420 a
786 2379 887 2436 causa,
902 2357 950 2420 vel
964 2365 1122 2443 tamquam
1136 2381 1156 2422 a
1169 2361 1310 2438 termino,

207 2469 255 2533 vel
267 2478 423 2554 tamquam
433 2469 704 2533 acommunicante
715 2491 776 2533 erac
787 2468 854 2532 eine
865 2468 1070 2552 dependentia
1081 2477 1112 2532 et
1123 2470 1311 2537 causalitate.

209 2579 312 2644 Primo
333 2580 425 2644 modo
447 2579 550 2644 anima
571 2589 618 2644 est
640 2579 827 2664 principium
850 2579 919 2643 vitae
938 2579 973 2642 in
995 2580 1130 2659 animali,
1153 2582 1226 2666 quia
1248 2583 1311 2647 vita

209 2691 360 2776 dependet
374 2691 412 2756 ab
428 2692 531 2756 anima
547 2713 602 2776 per
622 2691 734 2755 realem
751 2691 845 2755 huius
862 2690 1032 2757 iuduxum:
1057 2693 1198 2758 Secundo
1216 2695 1309 2759 modo

208 2804 305 2882 locus,
321 2826 339 2866 a
353 2825 413 2888 quo
428 2803 497 2887 quis
511 2801 723 2887 proficiscitur,
739 2799 853 2866 dicitur
864 2802 1050 2887 principium
1065 2803 1129 2882 viae,
1145 2814 1177 2868 et
1192 2806 1266 2886 diea,
1277 2807 1312 2871 in

208 2938 269 3000 qua
284 2915 354 2999 quis
368 2915 512 2992 nascitur,
528 2913 713 2999 principium
724 2914 812 2979 vitae:
835 2914 939 2980 'lertio
954 2913 1046 2978 modo
1057 2915 1206 2981 Alternus
1221 2918 1312 2983 Pater

208 3035 255 3091 eat
270 3027 455 3112 principium
470 3025 551 3104 Filii,
568 3025 661 3090 idest
677 3025 779 3090 Verbi.

252 3140 283 3202 2.
307 3138 496 3223 Principium
519 3136 665 3200 dividitur
690 3137 782 3201 ctiam
809 3136 842 3200 in
866 3139 1060 3202 extrinsecam
1082 3161 1136 3203 ocu
1158 3140 1242 3224 quod
1264 3126 1311 3206 eet

207 3258 291 3314 extra
308 3273 383 3329 rem,
402 3259 433 3314 et
450 3251 639 3313 intrinsecum
661 3271 715 3312 seu
738 3249 822 3333 quod
841 3258 888 3313 eat
905 3249 986 3314 intra
1004 3272 1080 3314 rem.
1128 3252 1178 3316 Sic
1202 3253 1310 3318 artifex

208 3370 255 3427 eat
274 3361 458 3446 principium
479 3360 683 3424 extrinsecum
702 3361 822 3438 domus,
842 3369 935 3446 prout
952 3361 1139 3446 principium
1157 3363 1310 3448 significat

207 3497 330 3539 causam
345 3473 524 3538 efficientem
537 3497 545 3536 z
568 3481 675 3536 contra
685 3495 755 3536 vero
770 3471 887 3557 lapidea
899 3482 973 3536 aunt
982 3473 1131 3558 principia
1144 3475 1310 3541 intrinseca

208 3587 328 3666 domus,
342 3592 434 3670 prout
445 3583 630 3669 principium
642 3583 793 3668 significat
808 3607 930 3649 causam
941 3584 1138 3650 materialem.
1178 3586 1310 3663 Quando

206 3699 310 3784 agitur
323 3697 362 3762 de
376 3695 533 3782 principiis
547 3718 649 3759 rerum
667 3695 864 3774 naturalium,
883 3695 1003 3759 omissis
1020 3696 1178 3780 principiis
1195 3699 1309 3762 extrin-

207 3811 293 3889 secis,
309 3807 403 3895 quaeri
418 3807 494 3871 solet
510 3807 548 3870 de
561 3807 736 3870 intrinsecis
751 3814 884 3886 tantum,
900 3829 968 3891 quae
983 3806 1047 3870 sola
1061 3807 1121 3872 illis
1135 3807 1252 3873 insunt.

249 3926 280 3987 3.
304 3919 458 4004 Principia
486 3918 651 3982 intrinseca
672 3941 775 3982 rerum
797 3927 871 3982 aunt
892 3918 1068 3982 earumdem
1097 3918 1304 3986 constitutiva.

206 4033 413 4100 Praetermiaso
439 4037 542 4094 autem
567 4038 637 4094 ente
662 4029 762 4114 logico
788 4037 819 4094 et
844 4038 915 4094 ente
940 4030 1058 4109 morali,
1086 4052 1155 4114 quae
1180 4031 1242 4095 duo
1267 4032 1307 4096 ad

205 4155 385 4233 praesentem
402 4151 566 4208 tractatum
580 4165 643 4206 non
658 4141 824 4226 pertinent,
836 4164 933 4226 quum
947 4141 981 4204 in
996 4140 1088 4206 rebus
1102 4140 1178 4226 ipsis
1194 4142 1306 4229 duplex

206 4253 281 4325 ordo
295 4255 442 4322 realitatis
459 4254 589 4339 spectari
608 4253 715 4337 possit,
731 4275 842 4337 nempe
860 4251 1088 4338 metaphysicus
1103 4259 1133 4314 et
1150 4252 1306 4339 physicus,

206 4373 297 4438 etiam
316 4364 514 4435 constitutiva
532 4364 750 4448 distinguenda
768 4373 842 4430 sunt
862 4364 894 4427 in
909 4365 1107 4463 metaplyeico
1124 4370 1156 4425 et
1167 4364 1305 4446 physica.

1113 4495 1132 4536 o
