3200 4984
297 390 363 453 284
648 408 689 451 ua
705 406 826 451 rursus
841 398 1043 449 cournuus.v
1257 378 1341 462 [car.
1357 395 1398 439 11.

295 573 370 639 dum
394 584 452 640 est.
497 574 562 639 Nec
586 573 678 653 dicas,
699 584 844 638 creaturae
867 594 932 636 esse
957 566 1117 635 essentiale
1136 565 1248 630 habere
1273 563 1396 628 initium

297 698 424 766 natura,
448 709 511 751 non
534 696 637 751 tamen
660 685 784 750 initium
804 683 969 769 temporis3
992 704 1064 746 nam
1088 688 1194 745 contra
1214 686 1271 743 est.
1317 675 1398 740 Nam

298 813 436 865 creatura
458 800 627 864 necessario
648 799 757 865 habuit
775 820 852 861 nuuc
868 794 1049 860 creationis:
1073 791 1125 856 sed
1145 814 1222 854 nnuc
1239 788 1400 854 creationis

299 923 345 977 est
361 913 495 997 primum
516 935 593 976 nuuc
611 910 690 975 reale
713 910 789 987 eius,
814 931 868 973 seu
882 906 1006 971 initium
1021 903 1177 989 temporis.
1221 902 1315 986 Ergo.
1358 901 1401 963 Et

300 1046 373 1089 sane
392 1047 469 1089 nanc
490 1022 651 1089 creationis
670 1029 716 1086 est
736 1020 825 1099 illud,
847 1020 881 1084 in
902 1041 964 1104 quo
982 1040 1018 1081 ex
1037 1038 1100 1080 non
1114 1024 1185 1080 ente
1199 1014 1348 1078 transitur
1362 1011 1402 1075 ad

300 1160 373 1201 ens:
397 1137 451 1202 sed
464 1158 541 1199 nunc
555 1134 587 1198 in
604 1156 665 1219 quo
683 1154 720 1199 ex
734 1155 798 1197 non
817 1141 888 1196 ente
908 1130 1056 1195 transitur
1070 1128 1109 1193 ad
1124 1150 1189 1205 ens,
1205 1135 1251 1191 est
1266 1126 1401 1210 primum

301 1270 378 1312 nunc
392 1246 471 1311 reale
486 1246 566 1311 entis
578 1272 587 1323 3
609 1252 656 1310 est
670 1244 753 1309 enim
767 1244 855 1307 limes
870 1243 951 1307 inter
970 1263 1032 1305 non
1046 1263 1101 1304 cns
1115 1248 1146 1303 et
1160 1262 1226 1303 ens.
1270 1239 1404 1322 Insuper

301 1359 384 1444 quod
407 1368 488 1424 caret
505 1357 596 1423 initio
611 1356 768 1442 temporis,
792 1337 911 1440 semper
930 1364 1002 1419 actu
1022 1353 1091 1431 fuit,
1111 1352 1209 1417 idest
1232 1372 1404 1435 numquam

304 1482 375 1537 actu
391 1494 454 1535 non
468 1471 539 1551 fuit,
553 1470 587 1536 id
606 1479 653 1535 est
670 1491 840 1554 numquam
860 1467 958 1533 caruit
978 1488 1034 1531 suo
1048 1488 1114 1529 esse
1133 1463 1262 1541 actuali3
1285 1477 1316 1527 et
1330 1485 1405 1527 con-

304 1592 465 1669 sequenter
478 1604 648 1667 numquam
670 1580 709 1645 de
728 1580 862 1645 carentia
876 1588 962 1644 actus
977 1578 1097 1643 essendi
1112 1576 1233 1641 transiit
1246 1575 1287 1640 ad
1300 1584 1405 1640 actum

305 1697 435 1763 essendi.
481 1695 584 1772 Quare
598 1695 680 1780 quod
695 1702 776 1758 caret
790 1692 880 1757 initio
895 1690 1040 1777 temporis
1054 1690 1162 1775 nequit
1170 1712 1235 1753 esse
1249 1696 1405 1753 creatum:

304 1818 334 1874 et
349 1808 417 1872 idco
431 1808 532 1893 ipsum
548 1829 647 1872 creare
661 1815 708 1871 est
722 1807 821 1871 facere
835 1804 959 1869 initium
975 1802 1131 1887 temporis.
1398 1842 1407 1859 .

348 1920 402 1982 46.
425 1917 580 1994 Quaeritur
594 1916 784 1995 duodecimo,
793 1924 893 1979 utram
902 1922 1014 1999 tempas
1022 1914 1189 1977 habiturum
1199 1914 1239 1975 sit
1248 1912 1407 1996 aliquando

299 2031 401 2115 finem.

348 2141 529 2227 Respondeo
538 2142 695 2225 negative:
718 2141 790 2225 quia
798 2139 944 2225 quamdiu
956 2138 1113 2203 durabunt
1124 2149 1226 2203 motu
1235 2138 1406 2203 secundum

306 2254 391 2338 prius
407 2270 438 2317 et
453 2254 613 2339 posterius,
629 2252 747 2317 tamdiu
770 2253 828 2317 erit
849 2261 990 2337 tempus:
1013 2253 1098 2337 atqui
1118 2275 1237 2338 semper
1252 2250 1408 2316 durabunt

306 2377 409 2430 motus
425 2366 593 2430 secundum
610 2365 694 2449 prius
708 2374 739 2429 et
753 2364 904 2449 posterius
912 2391 922 2443 3
945 2387 1029 2448 ergo.
1074 2364 1175 2429 Maior
1195 2376 1243 2428 est
1265 2363 1388 2428 evidens
1397 2388 1408 2440 3
1424 2367 1428 2373 '

308 2476 408 2540 minor
422 2498 492 2539 vero
507 2483 626 2541 constat
641 2498 677 2539 ex
698 2498 734 2539 eo
754 2475 838 2559 quod
858 2484 1002 2539 ereaturae
1023 2474 1185 2538 rationales
1203 2474 1265 2537 sint
1284 2473 1409 2558 imperi-

308 2598 384 2651 turae
395 2614 405 2666 3
428 2587 476 2650 his
491 2597 595 2651 autem
610 2587 756 2671 competit
770 2597 874 2651 motus
888 2587 1042 2671 perprius
1056 2595 1087 2650 et
1101 2586 1271 2670 posterius:
1294 2594 1325 2648 et
1339 2586 1408 2669 qui-

308 2699 388 2778 dem,
405 2698 431 2762 si
452 2698 490 2763 de
512 2698 637 2763 homine
656 2698 689 2762 in
712 2698 811 2783 specie
831 2708 950 2782 agatur,
965 2721 1028 2762 non
1044 2698 1143 2763 solum
1158 2698 1326 2763 secundum
1342 2698 1410 2762 ani·

307 2835 400 2890 mam,
416 2811 470 2876 sed
484 2812 576 2875 etiam
591 2812 759 2876 secundum
777 2834 896 2897 corpus,
909 2812 995 2876 cuius
1007 2823 1120 2890 motus,
1132 2835 1227 2897 quum
1238 2812 1300 2876 sint
1312 2811 1409 2875 sensi-

309 2922 394 3000 biles,
411 2932 533 3006 tempus
554 2922 657 2986 stricte
681 2932 838 3006 sumptum
862 2921 1007 2986 efficiunt.
1053 2922 1356 3007 Sed-praescindendo
1370 2922 1410 2986 ab

307 3034 364 3097 hac
379 3033 568 3118 probat-ione,
578 3056 647 3118 quae
661 3055 770 3118 puram
787 3033 1012 3119 philosophiam
1024 3057 1167 3120 superare
1181 3034 1310 3113 videtur,
1326 3057 1411 3099 com·

308 3145 442 3209 muniter
457 3144 565 3208 docent
579 3143 755 3228 philosophi
770 3166 842 3209 cum
858 3144 890 3208 S.
906 3145 1034 3225 Thoma,
1049 3146 1151 3209 Deum
1174 3168 1236 3209 non
1255 3146 1411 3210 destruere

308 3254 424 3339 aliquid
441 3277 547 3319 eorum
568 3278 637 3340 quae
656 3256 768 3319 creavit
779 3283 789 3335 3
813 3257 885 3341 quia
906 3279 979 3342 ergo
1001 3256 1082 3322 inter
1103 3266 1255 3322 creaturas
1275 3257 1410 3321 existunt

308 3390 356 3431 res
372 3366 542 3431 materiales
558 3367 768 3431 determinatae
787 3368 827 3433 ad
847 3368 1058 3452 producendos
1078 3379 1179 3433 motus
1199 3368 1357 3433 sensibiles
1379 3378 1411 3433 et

309 3479 348 3543 ad
363 3478 484 3543 eosdem
505 3478 702 3563 recipiendos,
719 3502 838 3564 semper
857 3481 916 3545 erit
935 3480 1046 3565 aliquis
1065 3491 1167 3544 motus
1191 3480 1341 3545 sensibilis
1364 3502 1411 3544 se·

304 3590 445 3659 eundum
470 3590 555 3675 prius
580 3599 610 3653 et
634 3590 797 3674 posterius.
842 3590 908 3655 Nec
933 3592 1024 3671 dicas,
1049 3592 1235 3655 contrarium
1259 3591 1352 3655 asseri
1379 3592 1411 3655 in

311 3703 402 3767 sacris
418 3702 595 3787 scripturis3
618 3725 689 3766 nam
705 3702 737 3766 in
752 3702 813 3766 illis
824 3703 898 3767 locis
910 3715 1032 3789 tempus
1042 3727 1105 3767 non
1117 3703 1263 3787 accipitur
1273 3703 1412 3768 absolute

310 3822 341 3877 et
356 3812 546 3898 generaliter,
562 3812 615 3876 scd
630 3834 701 3877 cum
716 3813 906 3877 restrictione
920 3823 952 3877 et
966 3814 1099 3893 relative,
1114 3815 1158 3878 ita
1172 3822 1207 3878 ut
1221 3814 1413 3899 intelligatur

310 3924 454 4010 periodus
464 3924 603 4010 quaedam
618 3926 764 4009 temporis
779 3926 971 4009 particularis
979 3951 989 4005 3
1011 3935 1048 3989 ut
1059 3949 1155 4011 quum
1165 3926 1277 3991 dicitur
1287 3926 1318 3990 in
1329 3929 1412 4012 Apo·

310 4036 425 4123 eclypsi
440 4035 524 4121 quod
543 4038 666 4120 Tempus
680 4059 739 4101 oon
753 4040 811 4102 erit
825 4039 960 4122 amplias,
970 4038 1205 4123 intelligendum
1221 4047 1268 4103 est
1282 4040 1321 4104 de
1334 4049 1412 4103 tem·

310 4170 382 4232 pore
398 4148 515 4225 salutis,
531 4149 720 4233 poenitentiae
743 4158 774 4213 et
796 4149 1029 4216 misericordia:
1053 4159 1084 4214 et
1106 4151 1230 4235 quando
1252 4150 1365 4235 legitur
1379 4152 1413 4215 iu

311 4256 440 4321 Daniele
459 4260 603 4331 Quoniam
617 4260 702 4323 tabet
714 4265 927 4344 tempaafiuem
944 4284 1037 4340 mum,
1054 4270 1179 4346 apparet
1200 4284 1237 4326 ex
1258 4271 1413 4341 contextu,

311 4368 355 4430 ibi
367 4390 536 4432 sermonem
546 4392 611 4433 esse
621 4370 658 4434 dc
667 4371 783 4454 epocha
791 4372 1039 4437 antichristiana:
1062 4386 1093 4437 et
1103 4373 1242 4438 similiter
1251 4373 1414 4439 dicendum
