3200 4984
207 391 276 436 cnr.
293 371 347 456 ru]
573 390 691 436 aaron
707 389 941 434 sarcasmus.
1266 366 1310 429 33

208 561 269 625 nisi
291 559 419 624 unicum
441 567 592 643 punctum
615 556 767 622 materiae:
790 569 822 622 et
843 565 997 642 praetcrea,
1012 576 1109 640 quum
1130 553 1257 618 materia
1271 552 1312 617 sit

206 672 323 758 aliquid
344 670 495 735 resultans
517 670 689 734 necessario
711 692 748 734 ex
770 677 881 734 natura
902 669 1017 746 formae,
1041 665 1189 753 quamdiu
1213 665 1311 730 forma

206 792 252 849 est
267 782 477 862 inalterabilis,
489 781 617 847 materia
627 781 796 846 necessario
808 781 915 845 eadem
925 789 1030 844 manet
1041 778 1190 842 identice:
1213 784 1244 841 et
1256 777 1310 856 sic,

206 897 278 981 quia
292 879 390 960 forma
406 894 623 960 substantialis
631 917 752 979 semper
768 902 871 958 manet
880 893 986 958 eodem
999 902 1031 957 et
1042 892 1213 970 inalterata,
1224 890 1311 955 nullo

206 1016 295 1092 pacto
324 1006 452 1071 materia
480 1007 546 1070 eius
575 1006 740 1071 alterabilis
765 1015 829 1070 est:
864 1028 899 1070 ac
931 1004 1057 1070 tandem
1087 1003 1215 1090 quaestio
1243 1004 1311 1088 ipsa

207 1119 362 1205 proposita
384 1119 532 1205 supponit
553 1120 712 1184 materiam
734 1142 868 1198 manere,
888 1119 963 1183 dum
985 1117 1138 1203 quaeritur
1155 1139 1196 1181 an
1213 1115 1310 1200 possit

205 1241 326 1297 mutare
351 1230 491 1296 formam.
537 1231 673 1316 Ideoque
702 1230 789 1295 nullo
819 1230 911 1296 modo
934 1230 1067 1314 intelligi
1091 1237 1202 1314 potest,
1226 1227 1310 1313 quod

208 1345 334 1409 materia
348 1343 470 1408 amittat
491 1366 578 1408 suam
597 1345 725 1408 formam
745 1344 887 1429 primam,
901 1351 938 1407 ut
957 1342 1016 1407 alia
1033 1342 1132 1406 forma
1148 1341 1248 1426 prima
1264 1340 1311 1404 illi

208 1457 367 1520 succedere
380 1456 489 1541 possit.
534 1456 635 1519 Immo
651 1464 777 1540 apparet
791 1456 850 1520 hoc
867 1478 933 1519 esse
947 1477 1073 1540 prorsus
1087 1451 1285 1538 impossibile.

251 1571 304 1634 3⁷.
328 1567 389 1632 Sed
412 1567 540 1653 quaestio
562 1568 686 1633 tractari
709 1576 812 1653 potest
833 1567 868 1630 in
890 1568 948 1631 hoc
971 1566 1031 1630 alio
1056 1589 1166 1630 sensu:
1190 1586 1310 1649 nempe,

208 1682 581 1764 circumspectemus
593 1681 705 1764 forma
715 1681 815 1763 possit
835 1680 927 1742 eidem
948 1680 1077 1742 materie
1098 1680 1158 1740 iam
1171 1677 1312 1762 sumata

209 1793 278 1856 addi
302 1793 363 1856 ulia
383 1781 716 1892 sormcosahstanticlis
738 1792 865 1854 eiusdem
886 1792 1002 1874 speciei,
1020 1798 1073 1854 aut
1094 1789 1226 1854 ulterius.
1271 1787 1310 1850 In

208 1904 266 1968 hoc
296 1925 388 1968 sensu
418 1903 546 1988 quaestio
575 1903 684 1967 resolvi
710 1903 801 1968 debet
827 1902 969 1987 negative
999 1902 1120 1981 iterum,
1147 1901 1201 1966 sed
1229 1900 1311 1964 salva

209 2014 433 2101 omnipotentia
447 2014 517 2094 Dei,
530 2038 597 2099 quae
613 2036 704 2099 supra
719 2014 874 2078 naturales
888 2015 966 2078 vires
980 2021 1135 2098 operetur.
1193 2047 1197 2051 ·

251 2127 293 2190 Iu
308 2122 418 2211 primo,
435 2127 460 2190 si
478 2135 588 2210 agatur
606 2127 643 2191 de
661 2126 801 2190 addenda
819 2149 898 2190 nova
914 2126 1013 2190 forma
1033 2125 1168 2189 eiusdem
1190 2123 1310 2208 speciei,

210 2260 307 2323 quum
326 2237 425 2300 forma
445 2234 655 2300 substantialis
677 2236 813 2300 materiae
834 2258 898 2300 non
920 2235 1030 2299 existat
1047 2235 1107 2298 nisi
1125 2235 1157 2297 in
1175 2234 1311 2320 materia,

209 2349 333 2415 evidens
367 2349 425 2429 est,
459 2347 639 2412 naturaliter
671 2371 734 2412 non
768 2371 856 2433 posse
889 2348 966 2412 duas
997 2348 1110 2411 formas
1141 2345 1313 2410 materiales

208 2460 365 2545 coniungi,
384 2459 444 2523 nisi
466 2459 693 2544 coniungantur
716 2461 808 2524 etiam
831 2483 936 2524 earum
959 2458 1102 2523 materiae.
1146 2458 1188 2523 at
1211 2459 1263 2537 sic,
1285 2459 1311 2522 si

209 2580 372 2637 sumantur
397 2572 460 2636 duo
482 2571 632 2636 elementa
655 2572 832 2653 materialia,
847 2581 883 2636 ut
906 2573 1005 2635 forma
1023 2569 1149 2635 secundi
1169 2569 1311 2634 elementi

205 2684 351 2772 adveniat
366 2683 405 2748 ad
419 2683 548 2747 formam
563 2684 664 2769 primi,
680 2707 802 2750 necesse
821 2693 878 2764 est,
894 2692 930 2748 ut
951 2705 1048 2746 unum
1068 2683 1253 2747 elementum
1271 2682 1311 2746 ad

207 2798 292 2863 aliud
307 2804 453 2876 accurrat,
469 2806 500 2860 et
519 2818 624 2860 eorum
640 2806 743 2861 centra
757 2796 790 2861 in
806 2819 903 2860 unum
919 2803 1057 2861 centrum
1072 2793 1311 2859 confundantur.

208 2913 296 2976 Timo
314 2911 397 2975 enim
415 2919 545 2995 utraque
562 2911 661 2974 forma
681 2909 760 2975 circa
779 2909 861 2973 idem
879 2917 1030 2994 punctum
1048 2909 1262 2988 constituetur,
1280 2916 1312 2972 et

208 3046 271 3088 una
280 3023 408 3087 materia
418 3022 544 3087 habebit
553 3023 682 3087 formam
694 3023 894 3086 resultantem
905 3044 941 3085 ex
956 3021 1170 3085 coniunctione
1181 3019 1311 3084 duarum

208 3133 387 3200 formarum.
431 3133 513 3197 Nam
531 3132 568 3197 de
583 3133 703 3198 duabus
721 3133 781 3197 illis
797 3132 934 3197 materiis
948 3133 1034 3195 fieret
1049 3154 1111 3196 una
1124 3132 1261 3210 materia,
1276 3153 1312 3195 eo

208 3247 276 3332 ipso
301 3245 384 3332 quod
413 3245 578 3310 haberetur
605 3245 733 3309 unicum
762 3256 904 3309 centrum
929 3244 1067 3308 actionis.
1112 3243 1192 3308 Duae
1220 3244 1312 3308 etiam

210 3358 318 3423 famiae
335 3359 443 3422 fierent
461 3379 523 3421 una
540 3358 638 3422 forma
656 3356 819 3436 resultans,
835 3365 865 3420 et
886 3356 1010 3442 quidem
1030 3355 1158 3439 simplex
1178 3355 1312 3441 physice,

211 3472 282 3558 quia
298 3469 411 3556 duplex
425 3469 587 3533 intensitas
603 3469 725 3534 virtutis
740 3491 802 3533 non
824 3469 898 3534 dicit
916 3469 993 3533 duas
1010 3478 1122 3553 partes,
1138 3468 1191 3531 sed
1210 3477 1313 3532 actum

210 3603 307 3647 unum
327 3579 532 3645 intensiorem.
578 3578 711 3664 Insuper
733 3579 838 3643 formae
859 3579 919 3643 illae
941 3579 1009 3643 duae
1030 3578 1138 3641 fierent
1159 3577 1313 3663 insepara-

210 3694 313 3758 biliter
327 3715 389 3756 una
407 3692 514 3770 forma,
529 3713 627 3776 quum
647 3691 739 3754 etiam
759 3712 863 3754 earum
883 3701 987 3754 centra
1004 3689 1084 3754 facta
1101 3696 1314 3774 supponantur

210 3807 336 3872 unicum
363 3812 502 3868 centrum
512 3830 522 3883 ς
553 3826 615 3868 non
645 3803 727 3868 enirn
754 3803 799 3868 vis
826 3802 1003 3867 alterutrius
1028 3811 1132 3886 posset
1161 3824 1251 3886 agere
1279 3803 1313 3867 in

210 3913 350 3984 centrum
380 3915 514 3995 alterius,
542 3916 664 3980 defectu
693 3914 888 3992 directionis;
918 3937 1014 4000 quum
1038 3936 1136 3978 unum
1161 3924 1313 3999 punctum

210 4029 361 4096 coincidat
390 4025 464 4092 cum
491 4028 594 4092 altero.
642 4027 692 4091 Sic
716 4027 812 4110 igitur
836 4049 874 4090 ex
899 4026 1019 4091 duobus
1045 4026 1204 4090 elementis
1229 4027 1315 4092 fieret

209 4166 307 4207 unum
323 4139 519 4206 elementum.
566 4139 635 4204 Hoc
652 4148 756 4203 autem
774 4137 955 4202 naturaliter
968 4139 1035 4202 fieri
1052 4139 1169 4223 nequit,
1185 4138 1238 4202 sed
1259 4163 1314 4225 per

211 4254 307 4317 solam
331 4247 482 4315 actionem
505 4271 598 4333 supra
619 4256 771 4328 naturam,
787 4257 824 4312 ut
846 4246 1044 4312 ostendemus
1065 4248 1099 4312 in
1121 4256 1253 4314 tractatu
1276 4249 1314 4313 de

212 4361 385 4430 substantia
414 4381 567 4446 corporea,
594 4360 713 4445 agendo
739 4359 777 4424 de
803 4358 1101 4444 impenetrabilitate.
1149 4360 1182 4424 Si
1211 4369 1314 4425 autem

473 4487 475 4490 ·
1119 4493 1140 4533 o
