3200 4984
758 426 808 496 vii

230 628 455 723 impellente,
483 629 557 702 iam
587 629 634 700 ad
664 629 876 701 scrutandas
910 626 1217 700 Scholasticorum
1251 630 1335 700 doc·

232 754 344 824 trinas
368 753 411 824 fit
431 753 590 824 reditus:
619 760 656 824 et
673 776 764 845 quos
789 775 980 844 nunquam
1005 752 1205 824 deseruime
1231 768 1335 847 opor·

230 886 362 964 tuerat,
389 879 437 949 ab
466 877 511 948 iis
538 900 640 950 arma
666 877 814 964 iterum,
841 877 1031 949 vetustatis
1053 876 1141 951 licet
1165 877 1335 973 rubigine

230 1001 358 1089 obsita,
394 1010 522 1074 contra
554 1025 648 1074 nova
682 1025 846 1074 errorum
875 1009 1047 1097 portenta
1079 1001 1332 1095 exquiruntur.

229 1126 361 1220 Itaque
386 1126 549 1198 redimus
573 1127 620 1199 ad
646 1125 906 1198 scholasticos:
934 1134 972 1198 et
992 1127 1153 1218 quidem,
1172 1127 1203 1198 si
1220 1150 1277 1198 res
1293 1126 1335 1199 in

230 1252 440 1325 universum
473 1258 667 1346 spectetur,
696 1250 982 1346 sapientissime3
1019 1275 1134 1343 quum
1167 1250 1225 1322 vel
1253 1250 1335 1346 ipsa

230 1375 442 1470 disputandi
459 1375 666 1462 methodus,
684 1375 815 1468 inqua
830 1375 990 1472 insignes
1015 1373 1130 1461 fuere,
1149 1383 1187 1447 et
1203 1374 1335 1447 dialec-

229 1500 310 1572 ticae
327 1501 436 1596 rigor,
455 1507 493 1572 et
509 1501 550 1572 in
566 1499 775 1572 necessariis
793 1499 1056 1591 quaestiouibus
1073 1498 1267 1586 subtilitas,
1285 1524 1333 1572 ne

229 1624 319 1717 quid
335 1625 382 1696 de
399 1624 530 1696 merito
551 1623 816 1696 sententiarum
841 1623 972 1710 dicam,
998 1647 1074 1695 non
1097 1623 1174 1695 sine
1200 1647 1334 1720 magna

228 1747 473 1820 studiosorum
502 1747 665 1821 utilitate
694 1747 864 1844 cognosci
897 1748 1059 1843 possint:
1104 1750 1203 1841 quod
1233 1751 1333 1844 apud

222 1889 354 1945 'omnes
370 1873 411 1944 in
428 1871 590 1948 confesso
609 1880 674 1946 est.

230 2029 233 2036 ¹
277 1997 348 2070 sed
365 1995 500 2084 miror,
514 2021 587 2090 quo
605 2006 723 2092 pact0,
750 1999 841 2070 dum
857 1999 904 2070 ad
930 2021 991 2069 eos
1013 1997 1237 2085 revertimur,
1256 2020 1331 2071 non

229 2121 337 2194 simul
355 2122 401 2193 de
418 2122 678 2217 componendis
695 2123 846 2194 tandem
862 2122 1022 2215 antiquis
1039 2121 1168 2218 litigiis
1185 2122 1332 2196 solliciti

227 2246 393 2342 plerique
404 2253 570 2318 nostrum
582 2247 781 2319 videantur.
824 2247 911 2318 Non
922 2246 1031 2333 enim,
1043 2245 1183 2341 opinor,
1197 2248 1331 2320 iterum

36 2403 40 2409 ·
151 2439 154 2444 .
226 2378 413 2470 arpentum
438 2395 462 2444 a
480 2371 578 2458 tacta,
597 2396 621 2444 c
645 2371 718 2446 sole
734 2395 876 2458 summ,
903 2370 1058 2444 castellis
1079 2394 1332 2468 panmaspro·

225 2497 342 2572 creari
358 2496 588 2569 docebimus:
615 2521 683 2569 nec
699 2520 845 2568 rursum
862 2503 1033 2569 naturam
1049 2520 1073 2568 c
1085 2519 1196 2569 vacuo
1209 2496 1331 2571 atur·

223 2627 368 2709 cantara,
386 2621 509 2694 invitis
525 2621 745 2694 mechanicis
770 2622 958 2709 universis,
982 2622 1232 2694 adstruamus:
1261 2645 1329 2694 nec

226 2747 359 2834 omnia,
377 2770 460 2840 quae
483 2748 529 2818 de
546 2745 763 2839 quantitate,
791 2748 838 2819 de
863 2746 1113 2839 qualitatibus,
1141 2743 1331 2819 deformis

224 2871 537 2958 substantialibus,
563 2874 610 2943 de
627 2871 764 2945 viribus
790 2871 952 2943 materia
979 2870 1140 2957 occultis,
1163 2872 1208 2943 de
1235 2895 1331 2944 com·

224 2996 472 3068 municatione
499 3002 631 3083 motus,
663 3004 701 3068 et
736 2996 927 3083 similibus,
958 2997 1058 3090 apud
1088 2996 1330 3070 Scholasticos

224 3121 386 3194 invenire
419 3129 485 3208 est,
520 3128 644 3193 nostra
677 3119 862 3193 faciemus
929 3121 1051 3208 Addo,
1085 3121 1125 3191 in
1159 3122 1329 3216 prasenti

224 3245 457 3317 scientiarum
481 3244 706 3317 naturalium
732 3245 969 3332 incremento,
997 3251 1073 3316 tam
1098 3253 1234 3318 certam
1252 3270 1329 3320 esse

223 3370 268 3442 de
295 3368 479 3442 soliditate
503 3369 712 3441 recentioris
737 3369 895 3465 physicae
920 3370 1020 3464 apud
1037 3393 1162 3442 omnes
1187 3378 1329 3443 senten·

223 3494 324 3582 tiam,
343 3501 386 3565 ut
402 3494 467 3587 qui
485 3518 523 3566 se
548 3494 739 3567 dissentire
764 3495 805 3566 in
821 3495 978 3590 gratiam
1004 3495 1328 3590 peripateticorum

223 3619 465 3713 profiteretur,
485 3627 550 3690 aut
566 3618 757 3691 veritatem
780 3618 908 3706 odisse,
935 3625 1001 3690 aut
1025 3619 1142 3692 teneri
1167 3621 1329 3693 amentia

223 3743 413 3816 diceretur.
466 3742 568 3815 Hinc
596 3741 736 3815 factum
771 3752 837 3830 est,
872 3750 917 3815 ut
946 3743 1088 3838 inipso
1122 3752 1247 3816 nostro
1281 3746 1328 3817 ad

223 3866 474 3941 scholasticam
492 3867 763 3964 philosophiam
789 3869 922 3956 reditu,
949 3893 1024 3941 non
1041 3870 1328 3942 dubitaverimus

222 3995 409 4091 physicam
435 3997 549 4084 illam,
576 4006 704 4070 contra
728 4023 840 4092 quam
857 3998 1071 4073 scholastici
1096 4007 1173 4072 tam
1198 3999 1329 4073 acriter

221 4122 474 4208 conflixerunt,
485 4123 532 4193 ‘in
549 4122 706 4217 publicis
722 4124 931 4217 quibusque
947 4125 1145 4221 gymnasiis
1162 4135 1327 4200 constan·

222 4252 277 4318 ter
294 4249 449 4334 tradere,
467 4249 732 4336 commendare,
749 4273 974 4344 promovere.
1026 4249 1099 4322 Vel
1116 4249 1230 4347 igitur
1254 4251 1327 4346 ipsi

220 4392 243 4439 a
259 4370 364 4443 nobis
381 4371 469 4466 ipsis
482 4371 779 4460 discordabimus,
799 4374 830 4445 si
847 4374 1016 4466 antiquos
1033 4374 1143 4447 simul
1156 4383 1194 4448 et
1206 4399 1327 4486 recen·
