3200 4984
290 374 355 439 320
594 458 598 467 .
624 396 667 437 nn
683 394 801 439 narsus
817 395 1007 439 coucruurs.
1230 377 1317 461 [car.
1330 397 1385 442 ιιι.

288 560 419 626 habetur
440 560 566 626 unicum
587 562 640 625 abi
661 560 828 627 secundum
852 561 1065 641 substantiam,
1080 562 1242 646 multiplex
1255 585 1325 628 vero
1339 586 1385 627 ss·

289 672 426 739 cundum
441 674 587 737 ratiormm
602 698 610 737 r
632 696 725 759 quare
738 674 894 739 distinctio
904 674 1112 738 ubicationum
1127 696 1191 738 non
1205 683 1290 738 tenet
1305 698 1336 737 se
1350 698 1387 738 ex

289 794 376 870 parte
387 786 487 870 spatii,
498 786 552 851 sed
562 808 601 851 ex
611 794 697 871 parte
706 786 838 866 mobilis,
847 796 939 872 prout
951 787 1135 871 supponitur
1148 794 1220 851 actu
1232 786 1265 850 in
1280 794 1386 865 motu3

288 920 344 983 per
359 907 475 963 motum
491 900 573 963 enim
588 921 685 963 unum
697 900 748 963 udi
756 899 866 983 accipit
877 899 1008 963 diversas
1017 898 1278 963 denominationes
1292 898 1386 963 reales

289 1009 480 1090 successivas,
496 1018 528 1074 et
542 1010 742 1074 diversimode
756 1010 795 1075 ad
811 1010 944 1095 seipsum
958 1011 1097 1075 refertur.

333 1123 386 1185 85.
410 1120 515 1198 Quum
530 1143 567 1186 ex
582 1121 672 1186 dictis
687 1130 788 1186 motus
809 1122 951 1187 extendat
971 1132 1003 1186 et
1022 1121 1199 1207 quantificet
1221 1122 1386 1187 successive

290 1231 468 1317 spatiumst
483 1232 686 1311 durationem,
701 1232 893 1317 motusipse,
908 1232 941 1295 in
958 1241 1109 1317 quantum
1126 1232 1271 1296 alterutro
1287 1255 1324 1297 ex
1337 1232 1386 1295 his

290 1343 410 1408 duobus
425 1352 627 1425 mensuratur,
645 1344 757 1409 dicitur
771 1348 916 1409 catenatus
929 1354 1083 1430 quantus:
1105 1345 1138 1409 iu
1152 1353 1302 1430 quantum
1316 1366 1386 1409 vero

290 1463 485 1521 mensuratur
499 1477 554 1541 per
562 1456 710 1521 rationem
725 1456 818 1541 spatii
831 1456 965 1542 percursi
980 1455 1019 1521 ad
1029 1466 1160 1541 tempus,
1169 1456 1281 1522 dicitur
1290 1459 1384 1520 intua

290 1570 350 1632 sive
369 1575 401 1632 et
421 1566 588 1632 formaliter
610 1576 761 1652 quantus:
784 1569 940 1654 nunquia
962 1578 1063 1633 motus
1084 1569 1254 1633 intensivus
1276 1568 1386 1634 habeat

290 1687 391 1762 partes
405 1677 573 1742 formaliter
587 1677 756 1758 distinctas,
773 1679 827 1743 sed
841 1680 914 1765 quia
928 1688 1040 1759 motus,
1056 1680 1224 1745 secundum
1238 1681 1385 1745 rationem

289 1788 446 1854 formalem
462 1797 493 1854 et
507 1791 733 1856 constitutivam
750 1792 798 1855 sui
813 1814 888 1871 esse,
898 1792 1069 1856 intenditur
1083 1801 1113 1856 et
1127 1793 1293 1857 remittitur
1307 1793 1386 1857 sicut

289 1900 395 1966 crescit
403 1900 451 1965 vel
460 1899 605 1965 decrescit
614 1901 691 1965 ratio
701 1902 791 1986 spatii
799 1904 936 1988 percussi
946 1902 985 1966 ad
996 1912 1128 1988 tempus,
1137 1903 1169 1967 id
1178 1912 1224 1967 est
1233 1903 1383 1969 velocitas.
1409 1906 1413 1912 '

332 2002 401 2077 Est'
415 2020 517 2077 autem
540 2021 572 2077 et
598 2016 750 2097 quantitas
771 2016 935 2080 matuiuls's
957 2024 1059 2080 motus
1084 2016 1237 2094 intensivi,
1264 2016 1302 2079 de
1324 2039 1386 2102 qua

290 2146 369 2209 saepe
383 2133 481 2208 agunt
496 2124 635 2211 physici:
659 2135 690 2189 et
706 2126 770 2189 haec
790 2126 913 2211 respicit
932 2126 1135 2212 quantitatem
1156 2127 1298 2207 materiae,
1316 2151 1385 2213 quae

289 2234 449 2300 subiicitur
463 2236 572 2316 motui,
588 2236 765 2323 crescitque,
774 2238 889 2303 caeteris
902 2238 1037 2323 paribus,
1053 2249 1204 2305 crescente
1218 2263 1317 2304 massa
1331 2264 1385 2305 seu
1476 2296 1481 2303 .

289 2370 417 2415 numero
432 2347 652 2413 elementorum
668 2349 799 2415 mobilis.

333 2461 386 2525 86.
413 2461 550 2525 Otaces.
572 2460 768 2527 Ubicationes
783 2462 905 2527 mobilis
927 2464 960 2527 in
984 2472 1070 2527 motu
1092 2463 1212 2528 realiter
1232 2463 1385 2530 distinctae

289 2571 429 2635 videntur
444 2594 625 2665 componere
639 2574 871 2639 multitudinem
886 2575 1043 2639 formalem
1060 2576 1246 2654 continuam,
1255 2577 1383 2663 ideoque

289 2682 451 2764 infinitam,
463 2692 494 2747 et
508 2683 642 2749 clausam
651 2685 796 2750 :terminis
808 2713 817 2765 ς
840 2687 923 2772 quod
939 2697 1099 2771 repugnat.

332 2793 513 2878 Respondeo
526 2818 590 2880 nep.
607 2804 667 2860 aut.
692 2797 780 2860 Patet
795 2798 887 2878 enim,
897 2798 928 2862 in
945 2808 1033 2862 motu
1048 2799 1169 2863 mobilis
1184 2801 1303 2864 unicam
1319 2824 1384 2864 esse

288 2919 358 2971 actu
372 2905 529 2970 formalem
544 2907 759 2987 ubicationem,
775 2916 898 2973 caeteras
912 2930 981 2973 vero
996 2932 1062 2974 esse
1076 2911 1108 2974 in
1123 2911 1277 2995 potentia:
1299 2926 1383 2996 post·

283 3040 379 3103 quam
403 3040 473 3083 vero
494 3018 604 3104 aliquis
629 3029 731 3085 motus
750 3020 850 3086 factus
872 3031 929 3101 est,
944 3021 1129 3087 ubicationes
1149 3023 1300 3104 formales,
1316 3047 1384 3109 quas

288 3136 516 3212 praecesserunt,
531 3129 591 3193 iam
607 3129 693 3195 factae
708 3139 782 3194 sunt
797 3131 950 3211 virtuales,
965 3154 1021 3196 nec
1040 3132 1233 3197 constituunt
1251 3133 1383 3218 aliquam

285 3239 437 3304 actualem
452 3240 692 3322 multitudinem,
707 3265 804 3327 quum
819 3243 905 3307 nulla
919 3267 1023 3308 earum
1038 3244 1179 3329 supersit,
1188 3245 1249 3308 nisi
1263 3246 1382 3310 ultima.

286 3348 436 3426 Quamvis
451 3352 648 3416 auteminter
662 3351 724 3417 duo
739 3355 790 3417 ubi
804 3354 948 3419 distincta
961 3355 1089 3419 infinitae
1103 3350 1289 3419 ubicationes
1311 3378 1383 3420 con-

285 3460 449 3546 cipiantur,
465 3470 495 3525 et
510 3471 697 3547 permotum
722 3464 834 3529 realem
857 3466 938 3528 inter
959 3465 1011 3529 illa
1028 3465 1091 3529 duo
1109 3467 1161 3529 ubi
1173 3466 1300 3529 infinitae
1314 3466 1383 3530 ubi-

287 3574 421 3640 cationes
429 3568 772 3640 intermediae'virtuales
784 3576 950 3640 successive
959 3577 1034 3639 fiant
1044 3576 1196 3655 formales,
1206 3599 1269 3640 non
1280 3586 1381 3642 tamen

285 3686 435 3772 sequitur,
450 3687 483 3750 iu
499 3696 585 3751 motu
601 3687 654 3751 illo
669 3688 783 3752 actuari
805 3688 957 3751 infinitam
980 3688 1211 3753 multitudinem
1225 3688 1382 3753 formalem

284 3798 506 3879 ubicationum,
534 3798 588 3863 sed
612 3821 689 3883 pure
714 3798 896 3877 virtualem3
920 3822 992 3863 nam
1018 3800 1150 3864 actuatio
1176 3800 1382 3875 multitudinis

286 3909 452 3974 formaliter
473 3908 544 3974 telis
568 3910 714 3994 supponit
736 3910 870 3975 unitates
892 3911 1060 3975 secundum
1085 3934 1117 3974 se
1139 3909 1319 3990 distinctas,
1349 3913 1380 3975 in

285 4030 372 4087 motu
403 4029 505 4085 autem
528 4044 592 4086 non
617 4021 769 4087 habentur
796 4023 899 4107 plures
925 4022 1112 4087 ubicationes
1138 4032 1209 4087 actu
1232 4023 1383 4098 distinctae

284 4132 453 4198 secundum
476 4156 518 4212 se,
535 4134 588 4198 sed
610 4134 700 4199 unica
719 4134 852 4199 ubicatio
867 4134 1002 4199 formalis
1016 4135 1184 4199 virtualiter
1198 4144 1319 4200 tantum
1335 4136 1382 4199 di-

284 4245 397 4309 stincta
418 4268 436 4313 a
457 4246 572 4310 caeteris
591 4247 741 4330 percursis
763 4254 817 4311 aut
840 4247 1096 4332 percurribilibus,
1112 4257 1148 4312 ut
1163 4260 1320 4312 ostensum
1335 4259 1382 4314 est

285 4358 319 4427 iu
334 4364 465 4419 tractatu
481 4359 529 4425 De
542 4360 707 4422 substantia
722 4381 860 4442 corporea
875 4382 900 4421 c.
918 4360 937 4421 i.
