3200 4984
285 413 350 475 296
647 438 690 481 oa
706 438 827 485 narsus
842 437 1035 483 oosrrunrs.
1225 417 1310 503 [cnr.
1329 438 1386 482 111.

285 590 374 659 Patet
395 604 510 679 autem,
531 621 587 684 per
608 600 666 665 hoo
688 602 766 667 nihil
787 603 860 667 novi
881 602 956 690 poni
976 602 1009 666 in
1029 611 1101 667 netu
1121 599 1242 667 divino:
1265 608 1297 666 et
1313 600 1386 666 ideo

284 706 506 793 omnipotentia
527 734 591 777 uon
613 722 660 777 est
682 714 841 781 entitative
859 724 891 780 et
912 714 1076 779 intrinsece
1096 713 1194 798 magis
1215 712 1249 776 in
1262 722 1343 792 artu,
1358 714 1387 777 δί

284 815 370 881 Deus
385 818 501 905 aliquid
514 832 606 902 areat,
621 846 713 909 quam
725 826 826 891 sinon
839 835 939 891 areat:
955 825 1009 890 sed
1024 825 1050 889 si
1064 833 1155 905 erest,
1166 824 1259 894 habet
1273 824 1385 889 realem

284 930 450 997 terminum
470 936 682 1018 extrinsecum,
701 961 795 1023 aquo
813 937 1093 1003 denominationem
1107 936 1217 1022 aoeipit
1231 936 1385 1002 creatoris.

283 1041 367 1125 Ergo
382 1044 541 1111 existentia
554 1072 653 1115 causae
667 1059 773 1116 ereata
787 1073 850 1115 non
861 1060 907 1115 est
922 1050 982 1115 nisi
995 1049 1156 1114 existentia
1169 1048 1293 1114 termini
1306 1048 1385 1113 refe·

283 1154 380 1218 rantis
402 1156 535 1242 seipsum
558 1159 597 1224 ad
619 1161 709 1225 illam·
718 1162 934 1226 virtuditatem
954 1171 1041 1227 aetus
1063 1160 1168 1242 divini,
1183 1160 1217 1226 in
1234 1181 1295 1246 qna
1308 1160 1385 1224 emi-

284 1274 393 1330 nenter
406 1270 660 1352 praeoontinetur:
675 1272 912 1337 mandamentum
927 1294 998 1338 vero
1011 1272 1105 1337 huius
1119 1271 1276 1337 relationis
1290 1283 1336 1337 est
1350 1271 1385 1335 in

283 1373 351 1455 hoo,
374 1378 458 1462 quod
479 1389 566 1453 aetus
587 1394 706 1447 orestus
728 1406 782 1468 per
808 1406 894 1448 suam
920 1382 1033 1447 realem
1057 1382 1216 1447 formalem
1238 1382 1384 1447 drtutem

283 1488 403 1553 finitam
423 1491 560 1557 imitetur
575 1494 695 1559 realiter
714 1506 818 1561 aetum
836 1495 975 1559 divinum
995 1494 1134 1560 eamdem
1148 1494 1295 1559 virtutem
1307 1493 1384 1558 emi·

283 1609 392 1666 uenter
406 1604 623 1670 coutinentem.
669 1606 789 1671 Relatio
804 1607 869 1672 haeo
884 1608 995 1687 dieitur
1009 1607 1082 1674 hino
1099 1607 1296 1687 oausalitatis,
1310 1606 1384 1671 hino

283 1711 513 1796 dependentiae:
536 1739 607 1802 quse
629 1718 834 1803 dependentia
847 1718 1001 1784 evidenter
1016 1720 1102 1784 omni
1122 1727 1266 1783 ereatura
1280 1740 1383 1783 essen-
1414 1744 1421 1757 ·

283 1823 364 1889 tialis
379 1836 436 1890 est.

326 1938 378 2002 5⁷.
404 1937 560 2014 Qnaeritnr
584 1953 677 2023 sexto,
705 1944 777 2027 quid
796 1945 838 2008 rit
862 1946 958 2009 virtus
980 1945 1075 2008 manto
1100 1945 1259 2008 intrimeoo
1276 1951 1383 2029 poten·

280 2048 419 2115 tiulitnte.

298 2160 517 2250 0Responde0,
542 2188 608 2231 esse
633 2166 777 2232 virtutem
802 2188 903 2232 causae
923 2166 1022 2231 finitae
1045 2165 1203 2231 sistentem
1226 2166 1260 2231 in
1279 2166 1382 2251 aliquo

280 2270 396 2351 limite3
418 2297 455 2339 ex
468 2275 566 2341 hmite
587 2278 670 2342 euim
693 2278 820 2343 actualis
835 2278 958 2344 virtutis
978 2279 1077 2343 oritur
1095 2278 1281 2363 possibilitas
1302 2278 1380 2343 ulte-

280 2386 368 2451 rioris
384 2388 523 2453 virtutis:
546 2390 634 2454 limes
649 2399 751 2454 autem
767 2391 889 2455 virtutis
904 2390 1044 2475 sequitur
1066 2391 1281 2459 limitationem
1295 2401 1381 2457 aetus

281 2499 489 2566 substantialis
515 2502 617 2582 creati,
641 2502 714 2588 qnia
731 2502 834 2586 formo
859 2504 961 2567 estid
986 2526 1042 2586 quo
1069 2526 1158 2588 operia
1182 2506 1255 2588 opit,
1278 2513 1315 2568 ut
1338 2503 1382 2568 ait

282 2610 314 2674 S.
330 2612 463 2679 Thomas
484 2638 555 2680 cum
577 2615 702 2681 oaeoeris.
749 2615 782 2679 Si
805 2623 998 2699 comparetur
1021 2614 1119 2679 virtus
1143 2614 1318 2680 huiusmodi
1341 2616 1381 2680 ad

279 2724 341 2788 vim
364 2725 536 2793 absolutam
558 2728 721 2807 infinitam,
743 2726 908 2792 habebitur
928 2727 1025 2791 virtus
1050 2726 1190 2791 absoluta
1203 2727 1300 2807 finita,
1326 2750 1381 2792 seu

279 2844 381 2901 certus
403 2839 516 2922 gradus
538 2839 661 2904 virtutis
686 2838 874 2924 participata
897 2846 968 2902 astu
990 2837 1166 2916 existentis,
1189 2836 1244 2923 qni
1266 2838 1379 2923 gradus

282 2948 415 3013 sumitur
428 2949 575 3030 absolute,
591 2961 622 3015 et
641 2974 704 3015 nou
725 2949 895 3015 secundnm
912 2948 1011 3032 magis
1025 2955 1057 3012 et
1073 2949 1187 3028 minus,
1203 2947 1275 3033 quia
1289 2971 1380 3013 omne

279 3056 402 3123 finitum
418 3070 454 3123 ut
474 3072 667 3145 comparatur
687 3061 727 3126 ad
748 3060 905 3125 infinitum
926 3058 1103 3124 absolutum
1123 3059 1217 3123 habet
1231 3060 1378 3124 rationem

277 3170 401 3234 termini
415 3172 630 3237 evanescentis.
676 3172 779 3249 Quare
793 3172 894 3236 omnis
905 3171 1003 3236 virtus
1018 3171 1114 3249 finita,
1130 3170 1192 3235 sive
1206 3172 1303 3235 maior
1317 3172 1378 3236 sive

276 3281 375 3357 minor
390 3283 430 3347 sit
444 3284 568 3349 relative
588 3284 627 3349 ad
646 3285 735 3350 aliam
751 3284 896 3349 virtmem
915 3283 1044 3363 finitam,
1060 3282 1216 3369 aqualiter
1234 3283 1378 3348 terminat

275 3376 453 3460 relationem
473 3395 685 3481 dependentiae
700 3420 718 3460 a
732 3397 809 3476 Deo,
826 3418 894 3481 quae
910 3403 957 3459 est
977 3393 1090 3473 totalis,
1105 3401 1137 3458 et
1154 3394 1332 3473 essentialis,
1346 3406 1378 3458 et
1480 3384 1483 3391 ’

276 3530 395 3592 semper
408 3507 524 3587 eadem,
539 3509 659 3573 etiamsi
670 3509 756 3573 Deus
772 3507 942 3592 duplicaret
950 3515 981 3570 et
992 3488 1208 3591 multiplicaret
1222 3506 1377 3586 virtutem,

275 3619 313 3683 de
328 3642 389 3705 qua
404 3620 516 3704 agitur.
562 3620 679 3685 sivero
694 3620 791 3684 virtus
810 3642 909 3683 causae
926 3627 1034 3683 creata
1050 3625 1243 3702 comparetur
1264 3616 1304 3681 ad
1317 3617 1377 3682 vir-

274 3739 374 3796 tutem
390 3732 514 3797 alterins
529 3754 626 3796 eausae
646 3740 762 3809 creatae,
778 3729 941 3795 habebitur
955 3730 1054 3794 virtus
1073 3728 1207 3809 relativa,
1223 3750 1279 3793 sen
1298 3729 1377 3794 ratio

275 3843 405 3907 duarum
421 3844 588 3909 virtutum:
604 3843 668 3909 haeo
683 3852 786 3907 autem
801 3841 986 3927 comparatio
1001 3841 1037 3905 fit
1052 3840 1221 3905 seeundum
1236 3840 1335 3925 magis
1345 3850 1376 3904 et

274 3954 396 4031 minus3
418 3955 501 4040 qnod
515 3977 578 4018 non
594 3954 751 4039 potuimus
765 3954 864 4018 lacera
878 3954 910 4016 in
925 3952 1152 4037 comparatione
1165 3952 1375 4017 ubioationum

273 4073 304 4128 et
318 4065 349 4128 in
366 4066 591 4151 comparatione
606 4064 849 4152 quandeitatnm,
862 4064 934 4150 quia
943 4066 995 4128 ati
1008 4073 1040 4128 et
1052 4066 1167 4147 quondo
1182 4087 1245 4130 non
1260 4066 1375 4130 habeut

273 4177 478 4261 quantitatem
491 4177 685 4257 intensivam,
700 4198 793 4262 quam
808 4176 901 4241 habet
915 4176 1012 4240 virtus
1026 4176 1134 4240 activa.

316 4290 368 4350 58.
393 4286 547 4362 Quaeritur
574 4290 714 4374 septimo,
739 4290 887 4373 quodnam
908 4291 949 4352 ait
967 4288 1198 4373 fundamentum
1222 4289 1374 4353 relationis

272 4401 349 4459 inter
363 4399 500 4462 virtutem
515 4408 544 4463 et
558 4402 705 4465 virtutem.
