3200 4984
291 380 333 445 76
718 404 762 447 nn
777 405 964 449 rurucrrrrs
1232 384 1317 469 [car.
1335 402 1392 449 111.

289 562 420 627 nutritio
442 564 509 648 ipsa
530 565 664 650 corporis
686 576 733 632 est
755 569 934 655 complexus
955 570 1110 635 actionum
1132 570 1342 649 chimicarum‚
1360 578 1393 635 et

290 676 419 740 exerceri
434 675 524 740 debet
539 700 593 763 per·
608 678 685 743 vires
707 680 842 745 materiae
864 682 1037 747 naturales:
1060 681 1121 746 cibi
1141 692 1244 747 autem
1266 682 1394 747 materia

288 787 364 851 satis
383 786 537 852 elaborata
554 797 585 852 et
602 789 828 871 transformata,
844 801 880 856 ut
899 793 954 857 fiat
972 816 1043 877 pars
1058 794 1192 878 corporis
1207 794 1240 858 in
1254 793 1392 880 potentia

289 899 447 977 advitam,
463 900 565 965 anima
587 901 692 965 statim
714 911 818 967 actuat
840 904 872 967 in
896 927 931 968 ea
946 904 1039 969 vitam
1062 905 1248 984 sensitivam,
1266 914 1297 969 et
1319 906 1392 969 facit

289 1035 381 1076 suum
389 1011 432 1090 id,
442 1012 525 1097 quod
533 1012 610 1077 vires
621 1014 759 1079 chimicas
773 1015 858 1100 prius
873 1026 1119 1101 praeparaverunt
1134 1017 1174 1082 ad
1188 1017 1274 1081 hunc
1287 1017 1393 1082 finem.

290 1124 369 1188 llaec
391 1123 543 1194 sententia
564 1125 641 1188 mihi
663 1125 784 1191 videtur
806 1127 893 1192 valde
914 1127 1090 1214 probabilis,
1113 1129 1166 1193 sed
1189 1152 1251 1193 non
1274 1138 1320 1193 est
1339 1129 1391 1193 hic

287 1235 373 1299 locus
401 1257 469 1299 eam
498 1236 668 1303 evolvendi.
713 1238 752 1303 In
782 1238 942 1303 arboribus
960 1239 1141 1305 alimentum
1163 1240 1280 1305 adiacet
1302 1263 1390 1324 orga-

288 1347 390 1411 nismo
408 1355 439 1410 et
455 1369 510 1432 per
525 1347 704 1412 affinitatem
718 1348 899 1433 applicatur.
918 1413 921 1419 ,
945 1350 1125 1436 Requiritur
1140 1374 1209 1415 vero
1225 1374 1391 1415 concursus

287 1482 447 1525 causarum
462 1459 709 1540 extrinsecarum,
726 1470 760 1525 ut
775 1461 862 1541 lucis,
879 1461 1008 1543 calorici,
1024 1471 1093 1543 etc,
1108 1486 1237 1547 quarum
1257 1464 1390 1528 officium

287 1582 334 1637 est
359 1572 501 1636 adiuvare
523 1580 627 1636 motus
648 1573 843 1656 vegetativos,
865 1575 1032 1658 praesertim
1056 1575 1211 1659 eripiendo
1229 1575 1390 1659 vegetabili

285 1707 331 1764 ea,
341 1706 408 1769 quae
418 1684 526 1747 fierent
538 1683 691 1768 superflua
706 1684 740 1746 in
754 1683 939 1769 organismo,
949 1694 980 1749 et
995 1684 1255 1751 subministrando
1270 1696 1388 1771 partem

286 1797 374 1861 aliam
396 1795 535 1859 alimenti
552 1795 585 1858 in
608 1800 678 1861 aere
696 1805 883 1876 contentam,
898 1807 930 1860 et
945 1797 1003 1861 alia
1018 1797 1205 1878 huiusmodi,
1221 1798 1388 1883 dequibus

285 1916 384 1993 agunt
399 1906 597 1971 naturalistae.

330 2019 422 2098 Quod
443 2027 548 2083 autem
569 2018 680 2082 attinet
703 2019 744 2083 ad
765 2019 892 2099 semina,
909 2042 943 2087 ea
961 2021 1112 2085 censenda
1128 2030 1201 2085 sunt
1215 2022 1259 2085 ita
1274 2023 1390 2087 consti-

285 2142 363 2212 tuta,
378 2140 414 2195 ut
437 2154 473 2195 ex
487 2153 673 2217 unoquoque
687 2131 811 2196 illorum
834 2132 930 2199 evolvi
952 2132 1059 2197 debeat
1081 2134 1275 2217 organismus
1294 2134 1386 2215 idem,

283 2268 319 2311 ac
334 2244 388 2330 qui
402 2244 481 2308 illud
495 2243 649 2328 produxit,
661 2244 688 2306 si
703 2252 835 2328 ponatur
849 2244 881 2307 in
897 2243 1007 2308 debitis
1022 2245 1259 2311 conditionibus.
1284 2246 1387 2323 Quare

283 2382 379 2426 acmen
397 2357 522 2441 mariale
540 2365 586 2419 est
604 2355 742 2439 potentia
762 2356 800 2419 ad
823 2356 975 2439 specialem
996 2358 1202 2440 organicorum,
1216 2366 1249 2420 et
1263 2366 1310 2420 est
1325 2358 1386 2422 iam

283 2468 421 2555 specialis
441 2468 635 2552 organismus
656 2467 689 2530 in
706 2490 747 2545 ae,
764 2489 819 2530 seu
835 2466 1019 2551 principium
1035 2467 1210 2550 specificum
1226 2467 1387 2531 cuiusdam

283 2582 482 2667 vegetationis
491 2606 500 2658 3
524 2579 606 2664 quod
622 2578 659 2643 de
675 2602 706 2642 se
721 2601 784 2643 non
799 2578 910 2641 transit
925 2578 963 2641 ad
979 2586 1081 2641 actum
1097 2580 1302 2663 vegetativum
1317 2579 1387 2644 ideo

283 2695 393 2771 solum,
409 2692 480 2777 quia
495 2714 557 2755 non
577 2690 747 2775 applicatur
764 2689 810 2753 illi
833 2690 1015 2753 conveniens
1035 2699 1066 2753 et
1087 2690 1238 2755 sufficiens
1258 2690 1385 2755 alimen-

282 2816 360 2885 tum,
376 2804 460 2889 quod
474 2811 520 2866 est
536 2802 736 2885 vegetationis
751 2801 878 2865 materia
893 2801 1001 2865 saltem
1016 2801 1162 2885 partialis.

328 2916 390 2983 Sed
403 2916 467 2979 haec
482 2914 585 2977 omnia
600 2922 673 2975 sunt
688 2912 775 2976 valde
789 2912 906 2977 incerta
921 2922 958 2977 et.
967 2914 1105 2991 obscura,
1118 2937 1174 2978 nec
1190 2914 1229 2978 ad
1243 2937 1300 2979 nos
1315 2939 1386 3000 pro·

283 3028 348 3116 prie
372 3026 540 3112 pertinent,
564 3047 662 3109 quum
689 3046 816 3109 agamus
840 3025 890 3088 hic
914 3024 952 3089 de
978 3025 1085 3089 formis
1112 3024 1331 3109 generabilium
1353 3028 1386 3091 in

282 3162 393 3225 genere
415 3146 548 3216 tantum,
569 3145 599 3200 et
623 3144 658 3199 ut
682 3136 721 3199 ad
748 3135 972 3221 philosophiam
998 3136 1177 3202 rationalem
1193 3138 1383 3203 referuntur.
1424 3212 1427 3217 ¹

283 3251 401 3317 Sufficit
417 3258 520 3313 autern
535 3247 623 3314 nobis
639 3248 819 3312 concludere
835 3247 930 3311 solam
949 3248 1079 3311 formam
1099 3248 1270 3313 naturalem
1287 3248 1386 3312 horni-

283 3364 333 3427 nis
352 3372 383 3427 et
402 3362 486 3426 bruti
506 3383 572 3425 esse
587 3359 811 3439 substantiam3
833 3360 966 3424 hominis
981 3359 1106 3446 quidem
1120 3360 1187 3423 sine
1202 3360 1383 3441 ullo-dubio,

282 3475 366 3540 bruti
389 3483 493 3538 autem
517 3474 603 3539 valde
626 3473 842 3559 probabiliter:
872 3472 1002 3535 formam
1026 3494 1095 3536 vero
1118 3472 1296 3557 vegetabilis
1319 3496 1385 3540 esse

281 3587 567 3652 determinationem
587 3586 621 3649 iu
643 3586 819 3669 organismo
841 3583 1021 3651 existentem
1042 3583 1144 3668 quoad
1159 3584 1236 3649 vires
1252 3585 1385 3651 materias

281 3712 390 3764 mutuo
402 3698 577 3785 applicatas,
587 3706 617 3762 et
626 3698 660 3761 in
672 3695 783 3760 debitis
798 3694 1025 3764 conditionibus
1040 3696 1165 3780 positas.
1190 3696 1385 3763 Obiectiones

279 3813 360 3878 circa
381 3812 515 3876 animam
537 3809 670 3875 hominis
689 3808 908 3893 proposuimus
931 3817 962 3873 et
981 3807 1126 3873 solvimus
1141 3809 1181 3873 ob
1196 3809 1240 3873 rei
1253 3813 1382 3875 necessi-

280 3933 375 3991 tatem
386 3949 396 4003 3
423 3923 609 3988 obiectiones
633 3944 704 3988 vero
727 3922 806 3985 circa
832 3920 924 3984 bruta
946 3929 977 3984 et
1001 3921 1181 4005 vegetabilis
1205 3922 1383 3987 omittemus

279 4036 337 4099 hoc
362 4036 440 4114 loco,
466 4035 538 4119 quia
561 4033 721 4117 attingunt
747 4032 909 4116 opiniones
935 4031 1084 4097 incertas:
1121 4040 1276 4111 caeterum,
1300 4032 1384 4117 quod

279 4146 391 4211 attinet
420 4146 460 4210 ad
488 4144 722 4231 vegetationem,
752 4165 816 4207 non
846 4166 956 4228 parum
984 4143 1063 4208 lucis
1093 4144 1198 4211 afferet
1234 4153 1383 4209 tractatus

280 4280 410 4343 sequens
430 4257 469 4321 de
489 4256 660 4321 substantia
680 4278 831 4340 corporea,
853 4255 907 4319 ubi
927 4255 1126 4340 explicabitur
1146 4257 1225 4323 actio
1248 4257 1383 4323 materiae

278 4362 547 4456 incompositione
562 4368 799 4433 substantiarum
816 4368 1014 4433 naturalium.
