3200 4984
299 368 366 433 204
597 386 639 431 uu
655 385 862 430 sussrxurm
878 384 1060 431 corrosas.
1239 366 1327 449 [car.
1343 386 1400 429 111.

298 558 397 624 tensio
420 567 531 623 motus.
576 558 722 623 Exteusio
749 580 828 637 vero,
852 581 920 643 quae
943 558 984 621 sit
1010 556 1202 635 simultanee,
1225 557 1398 633 materialis,

299 672 489 737 constituens
503 671 646 737 volumen
661 684 715 736 aut
730 672 921 757 superficiem
936 680 990 734 aut
1005 670 1116 735 lineam
1131 670 1319 735 materialem
1328 693 1399 734 con·

299 784 430 861 tinuam,
446 783 531 847 nulla
547 793 603 863 est,
619 792 673 847 aut
688 784 714 847 si
729 806 797 867 quae
812 793 869 862 est,
885 782 1065 846 adsensum
1086 791 1208 846 tantum
1231 790 1277 845 est
1295 781 1401 845 simul·

299 904 398 974 tanea,
419 894 508 958 etad
526 917 650 957 sensum
672 895 838 959 continua:
861 894 997 978 rigorose
1019 914 1088 957 vero
1110 904 1157 958 est
1179 894 1355 973 successiva,
1370 906 1401 957 et

298 1006 577 1090 interruptionibus
592 1006 693 1091 plena.

343 1119 392 1182 De
407 1119 582 1183 extensione
597 1119 695 1182 multa
708 1118 853 1205 praeclare
864 1118 986 1183 disserit
997 1118 1033 1181 P.
1043 1117 1232 1181 Boscbovich
1242 1118 1275 1180 in
1284 1117 1401 1180 theoria

299 1229 500 1314 philosophiae
521 1230 680 1309 naturalis,
703 1229 845 1314 pluribus
859 1230 943 1294 locis.
989 1229 1059 1305 Sed,
1081 1229 1153 1313 quia
1167 1229 1232 1314 ipse
1247 1252 1309 1293 non
1325 1229 1401 1292 vidit

299 1341 533 1426 possibilitatem
547 1341 750 1405 vibrationum
767 1341 997 1406 elementarium
1011 1342 1045 1404 in
1065 1341 1232 1421 moleculis,
1254 1341 1323 1405 ideo
1337 1363 1399 1405 non

299 1452 416 1517 invenit
430 1452 491 1516 nisi
505 1474 571 1516 eam
587 1453 805 1531 extensionem,
821 1476 912 1535 quam
930 1475 987 1516 nos
1000 1453 1171 1516 vocavimus
1181 1453 1288 1517 realem
1299 1461 1329 1515 et
1343 1475 1400 1515 uon

298 1588 475 1649 coporeum,
484 1588 577 1649 quam
586 1566 708 1629 unicam
719 1588 784 1629 esse
793 1565 1014 1629 admittendam
1026 1566 1141 1649 optime
1149 1564 1284 1628 ostendit
1295 1577 1401 1628 contra

299 1677 433 1741 fautores
469 1678 602 1741 materiae
635 1677 798 1757 continuae,
832 1678 971 1741 refutatis
1001 1676 1178 1761 vulgaribus
1206 1676 1398 1761 praeiudiciis.

299 1787 400 1863 Quem
421 1789 500 1852 vide.
547 1789 608 1853 Sed
630 1789 702 1853 licet
722 1790 790 1853 haec
812 1789 947 1853 extensio
969 1788 1058 1851 realis
1079 1810 1141 1851 non
1164 1788 1337 1866 materialis,
1358 1789 1399 1851 sit

298 1902 388 1963 unice
408 1900 596 1965 admittenda
617 1901 651 1963 in
673 1900 837 1979 volumine,
861 1910 892 1963 et
913 1899 979 1962 aliis
1002 1898 1243 1962 dimensionibus
1266 1899 1399 1983 corporis

298 2012 479 2076 considerati
495 2035 549 2097 per
571 2012 696 2076 modum
716 2012 845 2076 alicuius
860 2012 955 2075 totius
977 2011 1162 2094 geometrici,
1185 2012 1319 2074 extensio
1335 2035 1398 2075 ma·

298 2123 413 2188 terialis
429 2124 550 2187 admitti
566 2123 665 2202 debet,
680 2123 804 2207 quando
818 2124 921 2207 agitur
936 2122 974 2187 de
988 2122 1118 2205 singulis
1130 2122 1287 2186 moleculis
1302 2123 1333 2185 in
1343 2146 1399 2187 sno

299 2248 387 2299 motu
408 2235 625 2299 consideratis:
649 2245 679 2300 et
701 2237 765 2299 haec
788 2244 835 2298 est
856 2234 1003 2313 extensio,
1026 2257 1094 2319 quae
1108 2235 1230 2319 proprie
1251 2237 1398 2320 competit

298 2349 461 2411 intrinsece
477 2348 619 2425 materiae,
636 2356 666 2410 et
681 2356 728 2410 est
749 2347 815 2409 eius
839 2346 1028 2431 proprietas:
1050 2369 1147 2430 quum
1174 2348 1332 2432 proprium
1358 2348 1398 2411 sit

298 2460 455 2524 moleculae
469 2468 572 2543 partes
587 2482 657 2522 suas
671 2472 856 2542 permotum
866 2457 1063 2521 vibratorium
1073 2458 1106 2520 in
1116 2458 1215 2541 spatio
1226 2458 1405 2536 extendere,

296 2583 328 2635 et
353 2572 485 2655 spatium
512 2571 599 2654 quasi
623 2569 804 2633 simultanee
828 2591 983 2652 occupare.
1030 2568 1105 2632 Haec
1130 2580 1233 2633 autem
1262 2571 1397 2634 extensio

297 2683 487 2747 molecularis
502 2682 697 2765 subroganda
711 2692 757 2745 est
772 2681 827 2759 illi,
843 2704 935 2763 quam
950 2681 1070 2765 antiqui
1084 2681 1239 2765 ponebant
1254 2682 1285 2744 in
1301 2682 1396 2746 mole-

295 2795 373 2858 culis
388 2794 627 2857 substantialiter
642 2793 813 2856 continuis:
836 2793 869 2855 in
884 2814 945 2877 qua
960 2793 1024 2856 sola
1035 2816 1067 2856 re
1076 2792 1244 2856 differimus
1254 2794 1291 2857 ab
1301 2795 1396 2878 ipsis3

296 2928 367 2969 nam
390 2905 473 2989 quod
495 2903 731 2968 innumerabiles
753 2903 820 2987 pori
842 2904 1035 2987 distinguant
1057 2905 1090 2967 in
1113 2926 1237 2988 corpore
1259 2917 1361 2989 partes
1379 2930 1396 2969 a
1453 2912 1456 2918 '

295 3016 443 3102 partibus,
460 3026 490 3078 et
504 3016 737 3080 continuitatem
753 3038 903 3100 corporeae
917 3017 1102 3080 extensionis
1122 3016 1316 3101 abrumpant,
1338 3021 1395 3084 boc

295 3130 387 3193 etiam
410 3128 529 3211 antiqui
551 3128 680 3192 confessi
703 3142 785 3191 suut.
833 3128 937 3191 Habes
958 3140 1061 3192 autem
1083 3129 1114 3191 in
1138 3129 1191 3212 fig.
1218 3134 1256 3193 15
1273 3132 1395 3196 schema

293 3238 478 3304 extensionis
492 3240 654 3302 materialis
668 3239 895 3316 molecularum‚
911 3248 942 3301 et
957 3240 1141 3303 extensionis
1154 3242 1243 3305 realta
1262 3244 1395 3326 corporis

295 3351 382 3415 exiis
400 3349 556 3413 moleculis
578 3350 711 3414 conflati.
755 3351 902 3414 Extensio
923 3352 1086 3415 materialis
1108 3351 1325 3417 molecularum
1347 3371 1395 3419 r'e·

273 3471 496 3547 .praesentatur
521 3461 618 3537 lineis,
643 3484 696 3545 per
719 3484 796 3546 quas
825 3462 975 3526 elementa
1005 3463 1221 3527 molecularum
1251 3466 1395 3532 citissime

295 3583 455 3639 moventur
473 3572 655 3637 oscillandoz
679 3573 814 3637 extensio
836 3596 906 3636 vero
927 3575 1017 3636 realis
1038 3575 1171 3657 eorporis
1191 3586 1236 3638 est
1259 3578 1395 3641 extensio

294 3687 384 3772 spatii
399 3685 611 3771 comprehensi
625 3684 706 3747 inter
716 3696 864 3748 extremas
880 3684 1043 3749 moleculas
1058 3708 1086 3748 v.
1102 3708 1149 3768 gr.
1164 3689 1195 3749 A
1210 3689 1251 3766 B,
1266 3698 1298 3751 et
1312 3712 1394 3753 com·

294 3798 456 3885 prehendit
470 3812 538 3861 tum
553 3796 742 3860 extensiones
758 3796 926 3859 materiales
941 3796 1167 3876 molecularum‚
1183 3807 1250 3861 turn
1266 3801 1395 3884 spatiola

294 3914 385 3977 realia
399 3913 479 3975 inter
493 3910 657 3975 moleculas
671 3910 811 3973 iacentia.

338 4028 409 4089 112.
434 4024 644 4089 Divisibilitas.
691 4021 784 4085 Nulla
799 4030 845 4085 est
857 4020 1018 4084 difficultas
1030 4021 1130 4104 quoad
1139 4021 1216 4084 hanc
1231 4032 1392 4106 corporum

294 4136 521 4219 proprietatem.
566 4134 647 4197 Nam
663 4132 849 4215 ubicumque
865 4141 939 4194 sunt
954 4145 1056 4216 partes
1071 4132 1191 4196 vinculo
1202 4134 1393 4218 contingenti

293 4246 452 4328 colligatae,
468 4246 603 4309 adhibita
619 4245 646 4306 vi
669 4244 908 4328 proportionata,
930 4244 1084 4327 frangitur
1104 4245 1270 4323 vinculum,
1293 4260 1325 4310 et
1348 4248 1392 4310 di·

291 4358 405 4421 viditur
430 4379 499 4441 pars
524 4379 542 4418 a
571 4367 667 4439 parte.
712 4356 762 4419 Ad
791 4356 988 4419 dividendum
1014 4379 1124 4440 corpus
1154 4357 1318 4441 requiritur
1347 4360 1392 4422 vis
