3200 4984
316 348 380 410 114
639 372 683 415 ns
697 372 904 417 sunsrarvrra
920 374 1099 417 corrosas.
1288 355 1375 440 [car.
1393 376 1417 419 1.

315 534 408 599 habet
422 549 504 600 certe
517 537 652 603 valorem
666 538 841 605 absolutum
857 548 887 603 et
902 538 1096 618 obiectivum,
1112 562 1209 624 quum
1224 562 1287 603 non
1303 542 1342 605 sit
1357 540 1417 603 nisi

314 648 455 731 repetitio
484 649 622 715 entitatis
651 650 780 716 alicuius
810 651 930 736 speciei,
961 649 1102 715 habentis
1131 673 1218 715 suam
1248 652 1415 716 realitatem

313 758 484 825 absolutam
499 772 531 826 et
548 761 739 842 obiectivam,
755 764 865 828 saltem
883 767 909 827 si
928 774 1039 848 agatur
1059 763 1097 827 de
1117 763 1307 828 substantiis.
1354 765 1415 828 Sed

314 873 471 957 quantitas
493 876 647 939 extensive
671 884 703 940 et
727 874 880 941 intensiva
904 898 968 939 non
991 874 1107 941 habent
1121 898 1180 958 pro
1201 877 1415 939 mathematicis

314 983 445 1069 aliquem
457 986 588 1050 valorem
600 987 787 1067 absolutum,
800 988 854 1052 sed
865 996 987 1053 tantum
999 986 1169 1051 relativum.
1216 987 1307 1065 Nam,
1317 1010 1414 1071 quum

314 1097 502 1180 quantitates
522 1098 589 1165 istae
602 1100 719 1169 nullam
739 1100 873 1164 habeant
888 1098 1058 1163 naturalem
1082 1098 1233 1162 unitatem
1254 1121 1413 1178 mensurae,

311 1218 465 1291 repugnat
479 1210 512 1274 in
526 1212 666 1275 terminis
680 1234 731 1276 eas
745 1212 915 1277 mensurari
927 1210 1045 1275 unitate
1056 1208 1204 1289 absoluta,
1216 1209 1300 1295 quod
1310 1219 1414 1274 tamen

313 1338 435 1385 noemae
453 1331 533 1385 esset
551 1322 650 1388 iacere
668 1323 708 1388 ad
727 1323 905 1387 habendum
925 1321 1058 1386 valorem
1077 1320 1262 1385 absolutum.
1308 1321 1350 1385 llt
1370 1322 1413 1386 sic

314 1450 457 1495 mensura
471 1434 652 1517 quantitatis
667 1432 831 1512 continuae,
847 1432 908 1497 sive
923 1430 1092 1510 intensiva,
1105 1430 1168 1495 sive
1182 1431 1351 1509 extensivae,
1367 1442 1413 1496 est

312 1540 470 1607 arbitraria
491 1565 616 1628 prorsus
638 1554 669 1608 et
691 1543 825 1608 relativa.
870 1542 1004 1627 Tempus
1020 1565 1047 1607 v.
1063 1563 1111 1627 gr.
1126 1542 1295 1606 mensurari
1310 1552 1412 1627 potest

311 1652 374 1717 sive
393 1654 532 1735 minutis,
547 1656 609 1720 sive
626 1655 718 1734 horis,
735 1656 798 1719 sive
817 1654 935 1733 diebus,
951 1653 1013 1718 sive
1032 1653 1139 1717 annis:
1161 1661 1193 1717 et
1213 1675 1411 1739 quacumque

310 1786 347 1828 ex
368 1765 417 1829 his
439 1767 591 1831 mensuris
615 1776 797 1846 assumatur,
821 1766 984 1831 habebitur
1013 1765 1170 1852 quantitas
1199 1766 1348 1851 temporis
1375 1776 1411 1831 nt

309 1876 404 1941 relata
414 1878 453 1941 ad
464 1900 638 1943 mensuram
651 1880 752 1944 adhuc
763 1877 1010 1957 mensurabilem,
1019 1876 1148 1961 ideoque
1155 1898 1218 1940 non
1225 1876 1410 1957 absolutam,

309 1986 363 2050 sed
391 1988 557 2053 relativam.
603 1988 692 2054 Idem
714 1990 775 2054 dici
797 1999 899 2075 potest
921 1988 959 2055 de
981 1988 1178 2065 intensitate3
1208 2011 1304 2072 quum
1327 1989 1409 2054 enim

307 2098 394 2163 nulla
416 2101 457 2163 sit
479 2101 636 2186 quantitas
655 2100 853 2178 intensitatis,
877 2121 945 2185 quae
969 2097 1148 2163 naturaliter
1171 2098 1277 2163 haberi
1300 2099 1409 2164 debeat

305 2232 362 2295 pro
378 2211 496 2277 unitate
511 2235 671 2292 mensnrae,
684 2222 715 2277 et
726 2235 795 2298 quae
809 2234 871 2276 non
889 2212 928 2275 sit
943 2212 1009 2295 ipsa
1024 2209 1246 2289 mensurabilis,
1259 2212 1408 2296 sequitur,

305 2322 397 2386 etiam
412 2323 445 2386 in
460 2325 632 2409 quantitate
642 2325 792 2389 intensiva
803 2346 867 2389 non
878 2322 1007 2386 inveniri
1016 2320 1147 2385 valorem
1157 2323 1408 2388 mathematicum

304 2434 492 2515 absolutum,
508 2436 563 2500 sed
577 2435 737 2501 relativum
752 2445 885 2501 tantum.

348 2548 417 2613 Hoc
438 2559 543 2613 tamen
565 2549 693 2615 interest
715 2550 796 2614 inter
818 2548 1022 2634 quantitatem
1044 2545 1227 2611 intensivum
1251 2557 1282 2612 et
1300 2558 1404 2613 exten·

303 2659 397 2724 aivam
413 2683 474 2744 pro
495 2664 702 2746 metaphysicis
724 2661 832 2727 saltem
859 2662 941 2744 (nam
964 2658 1173 2723 mathematici
1195 2658 1234 2722 ab
1251 2660 1310 2724 hoe
1327 2683 1405 2744 prae·

301 2771 459 2855 scindunt)
484 2772 567 2856 quod
589 2773 745 2857 quantitas
766 2771 928 2849 intensiva,
949 2770 1019 2834 licet
1041 2769 1169 2853 exprimi
1190 2780 1322 2855 nequeat
1344 2772 1405 2836 nisi

300 2882 434 2961 relative,
445 2891 567 2948 constat
580 2892 685 2948 tamen
698 2882 863 2947 intrinsece
878 2882 981 2967 aliquo
995 2880 1155 2946 absoluto:
1180 2880 1223 2945 sie
1233 2882 1279 2946 vis
1291 2882 1404 2959 motiva

300 3003 347 3059 est
362 2994 478 3081 aliquid
492 2996 668 3069 absolutum
683 2996 715 3059 in
736 3004 819 3074 ente,
833 3005 864 3058 et
882 2995 948 3059 eius
970 2993 1084 3078 gradus
1107 2992 1220 3059 dieitur
1241 2994 1403 3059 intersitas

300 3104 440 3169 absoluta
467 3105 525 3170 vis.
579 3106 695 3170 Contra
722 3128 793 3171 vero
823 3106 979 3191 quantitas
1008 3104 1162 3169 extensive
1191 3126 1247 3169 nec
1275 3106 1404 3189 exprimi

299 3222 400 3300 potest
418 3216 479 3281 nisi
498 3216 632 3297 relative,
653 3240 710 3282 nec
729 3225 849 3281 constat
868 3216 970 3303 aliquo
990 3215 1131 3283 absoluto
1151 3215 1314 3280 intrinsece
1334 3238 1402 3301 per-

299 3328 419 3393 tinente
441 3328 481 3395 ad
501 3350 567 3408 ens,
589 3328 672 3415 quod
695 3328 807 3394 dicitur
828 3337 998 3394 extensum.
1042 3327 1125 3395 Nam
1148 3336 1269 3412 tempus
1291 3349 1321 3393 v.
1343 3350 1401 3411 gr,

299 3439 346 3503 ael
361 3439 457 3519 loeus,
468 3463 532 3505 non
547 3450 620 3506 sunt
636 3441 753 3528 aliquid
766 3441 943 3507 absolutum
958 3439 1159 3504 intrinsecum
1173 3440 1247 3520 enti,
1258 3440 1312 3505 sed
1327 3448 1401 3504 sunt

298 3550 470 3617 relationes.
514 3552 649 3637 Tempus
664 3553 788 3638 quidem
804 3563 850 3616 est
870 3551 978 3617 relatio
999 3551 1081 3615 inter
1100 3553 1216 3635 wando
1234 3559 1265 3615 et
1285 3553 1400 3635 quaudo

297 3662 427 3728 fundata
449 3664 483 3729 in
506 3664 691 3729 virtualitate
716 3664 896 3729 aternitatis
915 3662 986 3742 Dei,
1010 3685 1078 3750 quae
1103 3672 1150 3727 est
1174 3663 1400 3749 quodammodo

296 3774 382 3859 regio
403 3774 654 3870 quandeitatum:
677 3773 762 3839 loeus
776 3795 847 3837 vero
869 3782 915 3837 est
936 3773 1120 3839 relationum
1137 3774 1305 3860 complexio
1318 3774 1399 3839 inter

296 3887 386 3972 plura
408 3888 469 3966 nv,
495 3886 624 3950 fundata
649 3886 682 3950 in
705 3884 893 3950 virtualitate
919 3884 1135 3950 immensitatis
1160 3885 1231 3966 Dei,
1255 3908 1324 3972 quae
1351 3898 1398 3951 est

295 3998 614 4085 quodammodcregic
628 3996 767 4061 omnium
782 3996 991 4062 ubieationum
1006 3996 1207 4082 possibilium.
1247 3997 1330 4062 Hinc
1341 4008 1398 4078 est,

296 4110 379 4195 quod
394 4110 433 4174 ad
447 4119 570 4194 tempus
585 4119 615 4173 et
630 4108 670 4172 ad
683 4108 785 4173 locum
800 4108 995 4193 requirantur
1010 4129 1128 4192 semper
1142 4106 1266 4172 termini
1280 4107 1397 4173 relativi

288 4226 376 4306 prius
397 4230 522 4305 etpost,
537 4220 584 4285 vel
607 4223 655 4292 lu'c
675 4229 707 4287 et
728 4222 771 4284 ibi
780 4248 792 4299 5
814 4219 897 4305 quod
915 4219 989 4284 setis
1006 4218 1151 4297 ostendit,
1168 4240 1232 4284 non
1249 4220 1396 4287 constitui

292 4334 349 4396 has
363 4333 560 4418 quantitates,
576 4333 636 4398 nisi
659 4354 713 4417 per
732 4331 848 4417 aliquid
867 4331 1039 4396 relativum.
1086 4330 1127 4399 Ilt
1148 4331 1191 4396 sie
1214 4337 1308 4416 patet,
1324 4353 1396 4416 pros
