3200 4984
220 356 290 401 cnr.
308 338 362 421 ιι]
555 360 597 401 uu
613 359 819 405 suasraurrr
836 361 1019 407 coaroana.
1262 347 1325 410 12⁷

221 522 382 608 principio,
392 523 481 588 cuius
495 524 710 591 determinatio
724 526 888 591 intrinseca
899 536 930 591 et
945 529 1114 594 essentialis
1129 531 1236 615 nequit
1248 554 1324 607 esse,

220 634 291 713 nisi,
308 634 356 698 vel
375 635 415 700 ad
430 634 659 715 attrahendum,
674 636 722 701 vel
742 635 781 701 ad
800 636 1011 722 repellendum
1020 664 1031 717 3
1054 640 1175 724 agimus
1189 642 1271 705 enim
1287 642 1326 705 de

222 744 374 809 elemento
395 748 536 831 simplici.
590 747 658 813 Nec
679 747 740 812 dici
762 755 863 833 potest
886 749 979 833 quod,
1003 751 1082 816 sicut
1104 775 1133 818 v.
1156 775 1203 836 gr.
1223 752 1326 817 anima

221 856 358 921 humana
372 857 465 922 simul
484 866 516 922 et
536 859 653 942 appetit
676 857 794 923 bouum
814 868 846 923 et
866 860 981 945 refugit
1004 862 1130 941 malum,
1145 863 1189 926 ita
1210 863 1326 949 aliquid

222 968 322 1032 simile
336 948 471 1033 accidere
486 969 583 1053 possit
605 969 639 1032 in
653 969 805 1034 elemento
821 969 962 1055 simplici,
978 994 1032 1055 per
1046 971 1131 1055 qnod
1147 973 1250 1058 aliqua
1265 973 1327 1037 ele·

222 1088 328 1143 menta
349 1080 462 1159 trahat,
487 1079 590 1164 aliqua
611 1079 749 1163 repellat.
802 1080 886 1144 Nam
908 1081 987 1145 actio
1009 1082 1102 1146 unius
1124 1081 1267 1147 elementi
1292 1084 1326 1147 in

222 1190 307 1255 aliud
322 1199 368 1255 est
388 1192 469 1255 actio
487 1190 520 1253 in
541 1191 702 1255 materiam
725 1189 809 1254 illius
829 1199 967 1276 recepta3
992 1193 1117 1256 materia
1140 1201 1243 1257 autem
1263 1215 1326 1257 non

223 1300 325 1365 differt
341 1324 360 1364 a
373 1299 511 1380 materia,
527 1300 607 1365 sicut
625 1300 742 1365 bonum
757 1300 859 1365 differt
874 1323 892 1364 a
907 1300 997 1379 malo,
1014 1302 1067 1366 sed
1087 1303 1187 1367 omnis
1201 1304 1328 1369 omnino

222 1413 351 1477 materia
372 1421 420 1476 est
445 1411 582 1476 eiusdem
606 1410 746 1489 rationis,
769 1410 802 1475 id
826 1419 873 1475 est
898 1433 977 1495 pura
999 1412 1178 1496 passivitas,
1205 1421 1237 1478 et
1259 1413 1329 1477 ideo

222 1524 302 1587 actio
316 1522 411 1587 unius
428 1520 573 1586 elementi
593 1520 804 1585 indifferenter
822 1521 1009 1587 exercebitur
1029 1522 1091 1587 sive
1113 1522 1145 1586 in
1169 1523 1327 1589 materiam

221 1635 325 1713 unius,
342 1634 405 1699 sive
423 1634 456 1697 in
477 1632 637 1697 materiam
657 1631 792 1699 alterius.
837 1632 957 1697 Deinde
982 1633 1008 1697 si
1031 1632 1244 1699 admitteretur
1258 1636 1346 1712 hoc‚'

223 1744 307 1830 quod
321 1744 433 1809 dicitur
452 1767 508 1828 per
522 1742 757 1807 similitudinem
772 1765 809 1806 cx
829 1743 941 1823 anima,
957 1744 1120 1809 dicendum
1140 1754 1228 1824 esset,
1244 1746 1327 1831 qnod

223 1854 438 1921 determinatio
452 1854 596 1919 elementi
612 1854 652 1918 ad
672 1854 857 1919 trahendum
874 1855 921 1918 vel
941 1855 1152 1939 repellendum
1172 1856 1326 1922 adveniret

223 1966 252 2031 ei
273 1989 330 2051 per
351 1966 548 2052 praesentiam
571 1966 696 2030 alterius
716 1966 860 2029 elementi
882 1966 1056 2045 materialis,
1072 1976 1103 2031 et
1125 1977 1244 2033 mutato
1266 1969 1326 2033 isto

223 2060 332 2164 posset*
350 2078 474 2144 mutari.
519 2078 588 2141 Iam
602 2100 672 2142 vero
694 2078 752 2141 boe
774 2085 822 2141 est
842 2076 1021 2142 absurdum.
1066 2078 1147 2142 Nam
1166 2083 1198 2141 1ο
1212 2081 1326 2145 consti-

223 2190 358 2254 tutivum
373 2190 575 2253 intrinsecum
589 2189 633 2253 rei
648 2188 797 2273 simplicis
814 2210 877 2251 nou
892 2197 993 2273 potest
1008 2189 1120 2252 mutari
1135 2212 1189 2273 per
1204 2190 1326 2274 aliquod

223 2301 438 2365 extrinsecum.
483 2302 519 2363 2⁰
532 2298 632 2363 multo
644 2298 747 2363 minus
759 2299 820 2362 tale
830 2299 1063 2363 constitutivum
1079 2307 1180 2383 potest
1195 2302 1326 2384 pendere

223 2412 262 2477 ab
284 2412 388 2496 aliquo
409 2409 578 2475 extrinseco
600 2424 636 2474 ut
658 2410 798 2474 adveniat
807 2435 817 2487 3
849 2411 922 2495 quia
943 2420 1019 2475 tunc
1040 2410 1242 2476 extrinsecum
1264 2414 1326 2477 exi-

223 2532 349 2608 geretur
362 2523 407 2587 ad'
417 2522 663 2587 constituendam
679 2522 842 2586 essentiam
857 2522 902 2585 rei
917 2521 1073 2606 simplicis.
1118 2523 1153 2584 3⁰
1167 2522 1327 2607 passivitas

224 2634 368 2699 elementi
383 2633 531 2719 simplicis
546 2642 592 2697 est
615 2641 737 2697 tautum
758 2632 928 2697 secundum
948 2633 1116 2715 materiam,
1131 2655 1195 2697 non
1219 2655 1326 2697 secuu-

225 2747 300 2810 dum
323 2746 472 2823 t'ormam3
494 2766 569 2829 ergo
589 2745 686 2807 forma
708 2745 817 2827 nequit
839 2743 971 2828 recipere
991 2743 1193 2808 mutationem
1216 2744 1327 2809 intrin-

225 2880 334 2923 secam.
391 2860 427 2919 40
450 2855 574 2921 tandem
604 2854 631 2919 si
660 2856 825 2940 praesentia
860 2854 984 2920 alterius
1020 2854 1164 2919 elementi
1190 2864 1327 2921 causaret

225 2968 351 3055 aliquid,
367 2967 455 3047 illud,
467 2966 620 3054 quidquid
636 2966 686 3046 sit,
702 2974 841 3031 causaret
856 2988 910 3049 per
925 2988 1012 3029 suam
1026 2965 1172 3030 virtutem
1187 2966 1326 3031 activam.

224 3079 336 3145 Virtus
355 3087 460 3143 autem
483 3078 581 3142 activa
600 3076 744 3140 elementi
766 3098 828 3139 uon
849 3084 953 3141 causat
972 3076 1039 3139 nisi·
1054 3084 1171 3141 motum
1194 3078 1327 3142 materiae

225 3214 281 3278 per
302 3190 424 3255 locum:
446 3212 510 3253 non
533 3210 606 3273 ergo
628 3187 844 3252 determinaret
864 3186 994 3251 formam
1017 3186 1057 3251 ad
1080 3187 1264 3252 trahendum
1278 3188 1327 3252 v'el
1366 3258 1369 3263 ¹

224 3301 445 3387 repellendum,
461 3300 513 3366 sed
527 3309 651 3365 tantum
666 3299 826 3364 materiam
841 3298 1014 3363 admotum
1030 3296 1196 3383 passivum.

269 3414 372 3479 Dices.
395 3412 525 3477 Constat
536 3409 756 3489 observatione,
766 3409 913 3494 quasdam
928 3408 1091 3474 moleoulas
1106 3409 1216 3475 habere
1230 3410 1329 3475 affini·

225 3534 322 3590 tatem
341 3524 382 3589 cd
399 3522 560 3610 quasdam,
575 3522 723 3608 quasdam
743 3530 848 3585 autem
869 3544 1020 3606 respuere.
1064 3521 1147 3605 Ergo
1167 3521 1275 3586 accidit
1294 3522 1327 3585 in

226 3637 355 3703 materia
368 3634 452 3720 quod
466 3632 618 3698 voluntati
631 3632 711 3697 eirca
725 3631 842 3696 bouum
857 3643 888 3696 et
902 3631 1029 3696 malurn.

271 3745 454 3833 Respondeo
469 3769 493 3809 e.
511 3753 573 3809 ant.
589 3752 619 3807 et
632 3768 663 3806 a.
679 3766 758 3807 coac.
804 3743 886 3806 Nam
908 3764 971 3805 non
992 3741 1113 3825 agimus
1133 3740 1183 3805 hic
1204 3741 1241 3807 de
1263 3766 1327 3807 mo-

226 3859 343 3936 leculis,
359 3857 413 3921 sed
427 3856 466 3921 de
486 3855 561 3941 ipsis
580 3854 740 3919 elementis
761 3852 960 3937 simplicibus,
977 3873 1013 3915 ex
1036 3848 1149 3936 quibua
1172 3852 1327 3917 moleculae

227 3977 463 4056 componuntur.
485 4013 487 4018 -
510 3966 682 4045 Moleeulae,
691 3987 789 4052 quum
801 3964 864 4028 sint
875 3961 1061 4051 compositae,
1071 3971 1201 4047 possunt
1212 3963 1327 4048 optime

227 4104 326 4147 unum
346 4080 499 4145 attrahere
519 4086 551 4162 et
571 4075 656 4142 aliud
674 4075 829 4161 repellere,
846 4074 918 4161 quia
940 4083 1014 4139 sunt
1037 4072 1205 4139 secundum
1226 4075 1328 4161 aliqua

227 4190 575 4269 elementaattractivae,
597 4196 630 4254 et
652 4188 822 4254 secundum
843 4187 901 4253 alia
920 4184 1098 4271 repulsivaer
1120 4186 1173 4249 sed
1196 4186 1253 4252 hoc
1277 4210 1328 4252 ex-

226 4302 391 4389 plicabitur
405 4300 543 4365 iuferius.
610 4337 612 4341 >
