3200 4984
216 395 284 440 car.
302 377 372 461 rra]
597 399 715 443 uranu
732 400 961 445 sarcasmum
1274 384 1317 447 63

215 561 305 627 debet
320 562 434 628 habere
446 563 579 651 aliquam
593 564 724 629 formam
743 564 986 647 substantialem,
1001 590 1056 652 per
1077 590 1170 653 qnam
1190 569 1231 633 sit
1252 590 1318 633 cor-

214 697 273 759 pus
287 675 489 743 informabile.
535 675 611 741 Haec
625 674 788 741 difficultas
799 685 848 741 est
861 677 1036 743 fortissima.
1081 678 1141 743 Cui
1156 678 1319 765 respondet

215 786 299 871 quod
307 810 365 871 per
379 789 506 852 ammom
520 797 550 853 ct
571 796 615 852 cat
637 811 752 873 corpus,
767 797 796 853 ct
818 797 862 854 cat
883 792 1062 874 orpoaicum,
1078 799 1165 856 elect
1181 793 1318 875 potentia

214 899 306 962 vitam
327 900 445 964 bobum.
488 898 564 963 Eius
578 899 656 963 ratio
670 909 728 979 est,
743 900 817 985 quia
831 902 1010 966 Aristotcles
1032 925 1090 965 noa
1105 902 1177 967 dicit
1191 904 1319 967 ommam

215 1032 277 1073 cccc
297 1019 395 1076 actum
416 1013 547 1095 corporis
568 1020 693 1091 taniaco,
707 1012 761 1075 aad
780 1020 879 1076 actum
894 1015 1025 1097 emporia
1032 1015 1162 1097 physici,
1177 1015 1318 1097 orpcnici,

211 1123 349 1203 potentia
363 1124 456 1187 uitam
469 1122 613 1202 babentia,
622 1130 652 1187 ct
666 1124 749 1206 quod
760 1123 832 1187 talia
840 1126 977 1207 potentia
991 1147 1050 1188 aon
1065 1126 1167 1189 abiicit
1181 1126 1318 1189 unimam.

221 1233 303 1297 Unde
321 1235 507 1318 manufactum
526 1242 570 1299 cat
591 1235 671 1317 meod
682 1238 715 1297 ia
728 1257 772 1313 co,
787 1237 870 1299 cuim
885 1237 983 1300 auimo
998 1236 1106 1299 dicitur
1122 1244 1214 1315 actua,
1230 1239 1318 1299 ctiam

215 1345 314 1408 ocimo
336 1345 505 1424 includitur,
520 1367 554 1410 eo
575 1345 660 1409 modo
681 1345 827 1429 loquendi,
843 1368 901 1429 quo
923 1347 1004 1411 calor
1018 1354 1062 1411 eet
1076 1355 1160 1411 actua
1175 1348 1275 1425 calidi,
1291 1356 1320 1411 et

217 1456 312 1519 lumen
325 1465 370 1521 cet
383 1464 468 1521 actua
482 1457 590 1535 lucidi,
611 1479 671 1520 noa
685 1458 765 1540 quod
775 1480 905 1523 seorsum
918 1461 959 1522 cit
973 1459 1101 1523 lucidum
1111 1460 1174 1523 cine
1188 1459 1261 1537 luce,
1270 1460 1322 1523 ced

215 1568 286 1649 quia
311 1576 354 1631 cat
380 1568 508 1633 lucidam
524 1590 582 1651 per
606 1568 708 1632 locem,
753 1568 815 1633 Sed
844 1569 909 1634 haec
934 1569 1091 1653 responsio
1117 1569 1203 1633 nullo
1228 1569 1320 1633 modo

215 1678 345 1741 destruit
364 1678 582 1743 difficultatem.
628 1679 710 1743 Nam
728 1680 829 1764 primo
846 1680 936 1745 verba
957 1681 1010 1745 illa
1031 1680 1215 1760 Aristotelis,
1237 1680 1320 1765 quod

215 1789 285 1853 tolia
300 1792 437 1874 potentio
458 1812 517 1854 uon
538 1791 641 1855 obiicit
662 1792 799 1871 crdmom,
822 1802 981 1877 nequeunt
1003 1792 1145 1877 explicari
1164 1793 1225 1872 hie,
1241 1792 1320 1857 sicut

215 1900 406 1985 explicantur
422 1924 441 1966 a
456 1902 489 1965 S.
504 1901 639 1967 Thoma:
661 1902 734 1987 quia
753 1903 857 1987 agitur
876 1904 915 1968 de
929 1926 1054 1989 corpore
1069 1904 1273 1982 informando,
1289 1913 1320 1967 et

217 2032 280 2074 non
297 2011 334 2076 de
343 2033 467 2097 corpore
476 2012 651 2090 informato,
662 2023 697 2077 nt
708 2022 792 2098 patet
805 2037 841 2078 ex
852 2014 1031 2095 obiectione,
1043 2014 1098 2080 ubi
1108 2016 1320 2081 concluditur:

216 2122 301 2206 Erpa
316 2131 387 2187 ante
400 2124 527 2188 mimam
537 2124 679 2208 precedit
692 2126 725 2188 ia
739 2148 859 2208 corpore
873 2126 975 2210 aliqua
989 2128 1092 2211 formo
1106 2127 1319 2191 adstanticlic.

218 2233 321 2310 Quare
344 2234 502 2320 responsio
522 2236 554 2299 S.
569 2236 695 2300 'l'homae
717 2236 854 2320 procedit
881 2236 919 2301 de
942 2258 1066 2322 corpore
1089 2237 1150 2302 iam
1174 2237 1241 2301 vivo
1266 2260 1321 2322 per

218 2346 362 2427 animam,
378 2346 453 2411 dum
475 2346 605 2411 obiectio
627 2347 751 2411 ducitur
772 2371 790 2411 a
812 2370 946 2433 corpore,
961 2357 997 2412 ut
1019 2370 1073 2433 per
1095 2348 1229 2412 animam
1245 2348 1320 2412 vivi·

217 2457 339 2523 licabili.
374 2448 465 2523 ¹Non
487 2479 561 2543 ergo
582 2458 746 2544 respondet
767 2458 940 2525 obiectioni.
993 2459 1134 2523 Secundo
1157 2458 1246 2525 verba
1267 2458 1321 2523 illa

218 2569 392 2635 Aristotelis
402 2571 473 2634 tolia
480 2572 617 2654 potentio
630 2593 690 2634 non
702 2572 806 2635 obiicit
816 2572 945 2635 unimam
951 2570 1095 2636 videntur
1104 2570 1207 2655 potius
1218 2569 1321 2634 addita

220 2680 259 2747 ad
273 2680 519 2766 significandum,
534 2681 618 2766 quod
631 2681 734 2747 anima
746 2704 812 2746 nou
826 2682 971 2747 informat
986 2704 1106 2767 corpus,
1118 2680 1242 2767 quaudo
1255 2702 1321 2746 cor·

221 2815 279 2878 pus
295 2793 331 2859 fit
350 2792 484 2857 inhabile
503 2792 662 2872 advitam,
677 2801 708 2857 et
729 2793 833 2857 abiicit
850 2794 994 2858 animam.
1039 2794 1122 2859 Nam
1136 2794 1271 2872 cadaver,
1285 2815 1322 2858 eo

220 2905 287 2989 ipso
310 2904 394 2990 quod
417 2926 481 2969 non
498 2904 582 2984 vivit,
597 2913 645 2969 est
670 2904 797 2990 quidem
820 2906 852 2969 in
876 2906 1014 2990 potentia
1036 2905 1186 2971 advitam
1212 2905 1266 2969 sed
1288 2906 1321 2968 in
1443 2905 1445 2911 ’

220 3015 357 3099 potentia
371 3017 525 3081 obiiciente
538 3018 676 3094 animum,
692 3038 747 3081 sen
763 3016 797 3081 in
820 3018 967 3101 potentia,
983 3040 1075 3102 quarn
1095 3017 1198 3081 anima
1214 3017 1322 3101 nequit

220 3128 339 3192 trahere
362 3126 402 3191 ad
424 3136 537 3193 actum.
582 3126 686 3191 Tertio
707 3128 951 3213 comparationes
974 3127 1123 3207 adductae,
1139 3128 1223 3213 quod
1242 3128 1322 3211 cclcc

220 3246 264 3301 cet
278 3246 362 3303 actua
372 3238 461 3302 calidi
475 3246 503 3303 ct
518 3237 671 3302 lumca'cat
684 3247 769 3303 octus
783 3238 873 3303 lucidi
886 3238 964 3303 nihil
986 3239 1127 3324 probant,
1143 3238 1216 3324 quia
1230 3239 1322 3303 nimis

220 3348 396 3435 probarent,
412 3349 438 3413 si
455 3348 668 3413 admitteretur
687 3350 811 3434 paritas.
856 3350 940 3415 Nam
958 3350 1036 3415 sicut
1053 3373 1112 3415 aon
1131 3359 1175 3415 cat
1194 3373 1322 3415 acernam

222 3462 350 3526 lucidum
360 3463 424 3525 ciac
434 3461 506 3538 lucc,
519 3460 562 3525 ita
573 3483 636 3525 non
650 3469 730 3525 esset
746 3482 857 3545 corpus
871 3462 937 3525 sine
951 3462 1073 3527 anima:
1096 3471 1127 3526 et
1142 3462 1186 3526 sic
1199 3461 1323 3546 quando

221 3572 324 3637 anima
338 3572 429 3638 debet
442 3571 605 3637 informare
620 3594 740 3657 corpus,
752 3572 853 3637 adhuc
868 3572 985 3663 deesset
1000 3595 1109 3659 eorpus
1120 3572 1321 3637 informabile

225 3684 286 3749 Sed
307 3685 333 3748 si
350 3684 593 3769 comparationes
611 3683 672 3748 illae
692 3684 863 3749 secundum
882 3684 916 3749 id
931 3685 1014 3770 quod
1035 3692 1109 3750 sunt
1123 3685 1321 3770 accipiantur,

221 3796 326 3881 potius
341 3794 403 3861 dici
417 3794 508 3861 debet
522 3794 616 3880 quod,
632 3796 711 3859 sieut
726 3796 863 3861 lucidum
878 3795 972 3861 habet
986 3819 1052 3861 csse
1067 3796 1246 3861 substantiae
1259 3797 1324 3860 sine

223 3907 300 3987 lucc,
314 3908 359 3972 ita
376 3929 489 3993 eorpus
504 3906 606 3972 vivum
628 3906 720 3972 habet
740 3930 806 3972 esse
826 3906 959 3993 corporis
982 3908 1047 3973 sine
1066 3908 1177 3973 anima.
1222 3907 1324 3985 Quare

224 4018 387 4083 difficultas
407 4027 511 4084 manet
525 4018 678 4083 insoluta:
701 4018 846 4099 insoluta,
862 4020 998 4104 inquam,
1014 4019 1075 4083 nisi
1089 4019 1158 4105 quis
1173 4027 1274 4085 teneat
1289 4044 1324 4085 ea

213 4129 372 4215 principia
394 4128 531 4218 physica,
556 4152 626 4214 quae
650 4129 717 4194 aS.
733 4129 852 4195 Thomu
876 4131 990 4196 tradita
1015 4140 1098 4197 sunt.
1143 4131 1226 4196 Nam
1246 4132 1324 4197 sicut

224 4241 351 4307 materia
368 4242 478 4327 prima,
494 4241 564 4307 licet
574 4241 758 4306 nonexistat
768 4241 802 4305 in
817 4264 918 4307 rerum
935 4252 1045 4307 natura
1058 4251 1183 4310 vocatur
1196 4243 1235 4308 ab
1250 4243 1325 4328 ipsis

224 4353 436 4433 informabilis,
457 4352 503 4419 ita
532 4353 700 4418 secundum
734 4351 833 4417 idem·
851 4354 1037 4439 principium
1070 4353 1192 4420 admitti
1222 4368 1325 4439 posset
