3200 4984
208 384 282 429 car.
300 366 370 449 nn]
551 386 595 429 nn
611 385 816 429 snssrunrra
831 385 1012 430 corrosas.
1245 364 1310 426 207
1414 438 1417 443 ,

207 555 357 620 molecula
371 555 403 618 in
419 553 610 634 moleculam,
625 563 745 619 constat
760 554 954 639 experientia,
970 554 1104 618 actiones
1115 552 1312 617 molecularea

207 666 382 731 attractivas
397 666 577 752 plerumque
592 689 655 731 non
670 666 781 731 habere
795 666 938 730 effectum
953 665 1128 731 sensibilem
1150 665 1312 729 molocula-

208 804 283 860 rem,
299 780 359 843 nisi
382 780 421 843 ad
436 780 579 844 minimas
602 778 773 843 distantias.
820 779 870 843 Sic
885 779 964 843 aetio
985 801 1046 863 qua
1062 777 1220 841 moleculae
1241 777 1313 841 vitri

209 914 242 955 se
257 891 387 955 invicem
402 900 520 970 tenent,
536 912 598 954 uon
622 890 734 955 sufficit
754 889 886 974 amplius
900 890 938 954 ad
954 890 1132 968 tenendum,
1155 890 1182 952 si
1202 890 1256 953 fiat
1278 890 1311 952 in

208 1003 287 1067 vitro
302 1003 411 1066 fissura
425 1002 613 1080 tenuissima,
629 1001 700 1066 licet
715 1001 764 1065 vix
778 1001 917 1066 videatur
940 1001 1044 1085 augeri
1066 1001 1213 1065 distantia
1231 1001 1312 1065 inter

210 1114 385 1191 moleculas,
402 1124 432 1178 et
448 1114 644 1199 quantumvis
666 1136 814 1197 unapars
828 1123 935 1177 contra
957 1113 1046 1177 aliam
1068 1120 1235 1197 prematur,
1250 1135 1313 1176 non

209 1225 408 1291 cobaerebunt
421 1226 563 1311 amplius.
609 1226 765 1302 Quaeritur
779 1226 857 1290 ratio
872 1225 965 1289 huius
979 1225 1173 1310 phaeuomeni
1186 1235 1218 1289 et
1229 1226 1314 1288 simi-

210 1340 304 1402 lium:
328 1338 509 1422 etquidem,
531 1338 597 1403 sine
612 1338 787 1423 praeiudicio
806 1338 884 1422 legis
904 1337 1059 1401 actionum
1080 1338 1112 1401 iu
1137 1338 1253 1401 ratione
1267 1338 1315 1401 iu-

210 1472 296 1515 versa
311 1450 530 1534 quadratorum
546 1450 779 1515 distantiarum·
879 1526 882 1532 1

257 1564 298 1625 Et
313 1562 391 1626 ratio
406 1571 453 1625 est
476 1561 650 1646 aliquando,
665 1562 747 1646 qnia,
763 1584 860 1647 quum
884 1562 1029 1626 distantia
1050 1562 1130 1625 inter
1151 1562 1316 1626 moleculas

214 1674 350 1758 corporis
364 1674 590 1758 transgreditur
604 1682 721 1739 certum
737 1674 876 1753 limitem,
892 1679 945 1739 abr
959 1684 990 1738 et
1005 1674 1064 1737 alia
1082 1674 1178 1739 fluida
1193 1674 1317 1738 subtilia

213 1786 375 1848 insinuant
390 1807 422 1848 se
437 1785 518 1849 inter
532 1784 706 1864 moleculas,
717 1794 747 1848 et
763 1806 818 1869 per
832 1807 920 1849 suam
935 1784 1140 1869 repulsionem
1152 1784 1316 1849 destruunt

214 1896 404 1961 attractionis
420 1896 610 1960 molecularis
632 1897 786 1961 effectum.
831 1896 873 1959 Ilt
887 1905 1021 1975 notetur,
1044 1896 1193 1980 quodvis
1215 1897 1317 1981 repul·

215 2012 279 2073 siva
293 2009 393 2072 minor
408 2009 588 2094 interposita
603 2010 714 2073 sufficit
729 2008 769 2073 ad
782 2008 1031 2093 aequilibrandam
1049 2009 1200 2073 actionem
1208 2010 1317 2073 virium

217 2122 446 2185 attractivarum
463 2121 613 2185 maiorum
626 2147 635 2199 ;
658 2121 731 2206 qnia
744 2144 843 2206 quum
857 2120 1064 2205 interponitur
1078 2122 1111 2185 in
1126 2121 1238 2198 medio,
1253 2121 1317 2204 agit

215 2257 252 2297 ex
275 2233 386 2296 minori
409 2233 564 2311 distantia,
587 2241 623 2296 ut
645 2233 778 2296 vidimus
801 2256 834 2295 n.
858 2236 910 2298 77.
956 2231 1018 2296 Sed
1038 2232 1187 2316 impedito
1209 2233 1318 2297 effectu

217 2344 407 2409 molecnlaris
430 2345 622 2423 adliaesionis‚
637 2346 685 2408 vel
700 2344 889 2424 cohaesionis‚
912 2366 975 2409 non
990 2344 1157 2440 impeditur
1178 2346 1319 2408 attractio

217 2456 387 2541 generalis;
409 2457 480 2541 quia
496 2457 558 2521 sive
573 2457 617 2519 vis
633 2456 685 2519 illa
700 2456 854 2540 repulsiva
875 2456 916 2520 sit
930 2456 970 2520 ad
984 2456 1065 2520 latus
1080 2456 1208 2520 duarum
1224 2458 1320 2521 mole-

216 2568 365 2646 cularum,
381 2568 443 2631 sive
458 2569 497 2631 sit
519 2568 600 2631 inter
614 2567 682 2631 illas
697 2568 888 2652 interposita,
904 2568 991 2631 nulla
1009 2568 1131 2633 relative
1153 2568 1211 2632 erit
1234 2570 1319 2633 diffe-

218 2679 317 2743 rentia
332 2677 494 2755 sensibilis,
509 2678 633 2761 quando
647 2678 749 2762 agitur
765 2678 802 2741 de
818 2678 971 2742 distantiis
987 2678 1191 2743 sensibilibus.

262 2790 323 2853 Sed
337 2790 401 2854 haec
416 2789 575 2873 explicatio
595 2812 658 2853 non
673 2800 720 2853 est
742 2791 914 2867 sufficiens3
938 2813 1010 2854 nam
1031 2792 1166 2855 materiae
1187 2791 1319 2869 viscosae,

218 2902 311 2966 etiam
335 2912 404 2986 post
427 2901 657 2985 separationem,
680 2901 836 2966 adhaerent
858 2900 916 2966 sibi
938 2902 1049 2966 iterum
1071 2903 1150 2966 sicut
1174 2905 1269 2987 prius,
1294 2906 1321 2967 si

221 3013 525 3098 appropinquentur:
548 3035 610 3076 non
626 3035 699 3098 ergo
715 3018 777 3092 abr,
793 3013 841 3077 vel
855 3013 914 3077 alia
923 3012 1094 3077 substantia
1103 3013 1263 3099 repulsiva,
1274 3024 1321 3078 est

217 3148 308 3190 causa
322 3125 493 3210 impediens
507 3125 578 3187 vitri
592 3126 680 3189 fracti
691 3125 972 3204 consolidationem,
983 3125 1091 3189 saltem
1100 3126 1164 3189 sola
1175 3140 1229 3190 aut
1242 3149 1321 3211 prae·

218 3239 308 3322 cipue
316 3263 326 3315 ;
348 3236 403 3305 sed
418 3237 451 3300 in
466 3237 534 3321 ipso
549 3258 673 3320 corpore
686 3236 783 3300 fracto
797 3236 927 3301 inveniri
942 3237 1033 3300 debet
1043 3237 1131 3316 ratio,
1141 3247 1320 3302 currestau·

217 3351 296 3414 ratio
311 3350 343 3412 in
358 3348 513 3433 integrum
534 3349 573 3411 sit
588 3348 794 3435 impossibilis.
840 3349 881 3412 Et
895 3349 964 3413 ideo
986 3350 1241 3414 considerandum
1263 3362 1320 3431 est,

217 3463 382 3527 fracturam
397 3460 495 3546 ipsam
504 3463 680 3544 perturbare
695 3470 786 3525 totam
799 3464 904 3525 scriem
917 3463 1122 3525 moloculamm
1129 3463 1176 3525 illi
1185 3464 1321 3527 adiacen-

219 3576 292 3637 tium
307 3594 343 3636 ex
357 3581 488 3656 utraque
503 3581 599 3655 parte,
614 3581 645 3636 et
660 3571 740 3635 hanc
757 3571 1018 3656 perturbationem
1041 3574 1137 3637 solere
1151 3596 1216 3639 esse
1233 3584 1321 3639 tanto

219 3684 376 3762 maiorem,
391 3692 507 3769 quanto
521 3683 618 3747 maior
640 3684 719 3748 actio
734 3686 900 3769 requiritur
913 3684 953 3748 ad
966 3685 1193 3769 producendam
1207 3687 1321 3751 fractu·

218 3817 292 3859 ram.
340 3794 432 3859 Facta
446 3817 519 3878 ergo
534 3794 676 3873 fractura,
699 3804 798 3860 status
819 3796 1036 3861 molecularum
1059 3797 1200 3863 fracturae
1214 3798 1323 3863 imme-

220 3898 301 3961 diate
316 3897 519 3962 adiacentium
535 3906 683 3978 mutatur,
698 3908 730 3961 et
744 3899 807 3963 sive
820 3900 937 3983 figurae,
953 3900 1014 3963 sive
1029 3901 1107 3964 situs
1126 3903 1257 3968 mutatio
1276 3915 1323 3968 est

219 4032 311 4073 causa
326 4009 488 4087 sufficiens,
503 4032 567 4089 cur,
585 4010 708 4096 quando
726 4011 839 4075 iterum
861 4012 1153 4096 appropinquantur,
1175 4036 1237 4078 uon
1260 4016 1322 4080 sint

220 4120 375 4204 disposita
398 4120 565 4185 adnexum
587 4121 811 4206 praecedentem
832 4122 1077 4188 instaurandum.
1122 4124 1322 4191 Rementem

221 4233 265 4296 ita
278 4254 344 4295 esse
359 4232 554 4296 manifestum
577 4233 613 4296 fit
627 4234 660 4296 in
677 4233 754 4298 vitro
769 4235 864 4298 fracto
884 4234 931 4298 vel
945 4235 1017 4298 lisso
1041 4236 1105 4320 (fig.
1130 4239 1183 4319 16)
1200 4240 1323 4322 quando

221 4343 382 4427 exponitur
397 4344 435 4407 ad
450 4343 560 4407 lucem.
607 4344 688 4409 Nam
705 4345 878 4429 superficies
891 4347 1008 4410 tissurae
1016 4347 1144 4411 reflectit
1155 4347 1254 4413 lucem
1263 4350 1322 4415 alio
