3200 4984
202 379 272 422 cnr.
289 358 360 443 111.]
570 378 613 421 nn
630 377 750 422 carnus
765 377 956 421 courmnrs.
1248 356 1310 418 301

204 557 236 613 et
250 548 424 613 licetvirtus
444 549 597 613 moventis
622 557 766 614 actuetur
784 548 818 611 in
833 569 932 632 passo,
947 546 980 610 id
994 555 1041 610 est
1054 546 1233 625 extrinsece,
1247 566 1310 609 non

203 671 307 724 tamen
322 660 380 724 erit
394 659 557 724 intrinsece
577 659 676 744 magis
690 660 724 723 in
739 668 820 738 actu,
836 658 862 722 si
879 656 992 723 habeat
1017 657 1183 721 terminum
1203 657 1313 743 inquo

202 772 375 857 recipiatur,
390 794 483 857 quam
499 772 525 836 si
540 794 603 836 non
619 771 748 836 habeat:
772 771 827 835 sed
839 770 865 834 si
875 770 995 849 habeat,
1011 768 1139 853 accipiet
1153 768 1311 834 formalem

204 883 483 948 denominationem
510 884 640 968 agentis,
660 892 692 948 et
714 883 759 948 nil
779 892 944 967 praeterca3
966 889 1052 945 actus
1073 880 1157 944 enim
1179 880 1311 944 motivus

203 1017 265 1060 nou
280 996 426 1081 recipitur
439 996 473 1060 in
489 1004 609 1080 agente,
625 1018 683 1060 nec
698 995 843 1060 immutat
857 994 1002 1059 virtutem
1017 992 1146 1077 agentis.
1181 992 1223 1056 llt
1237 1014 1310 1057 con-

204 1115 365 1191 sequenter
384 1106 545 1171 existentia
566 1115 668 1174 motus
682 1106 824 1192 producti
838 1128 900 1170 non
915 1115 963 1170 est
977 1105 1037 1169 nisi
1050 1104 1211 1169 existentia
1225 1114 1312 1169 actus

205 1215 409 1296 accidentahs,
433 1238 488 1280 seu
511 1216 646 1295 termini,
671 1216 831 1281 referentis
857 1217 991 1301 seipsum
1011 1216 1050 1280 ad
1072 1216 1155 1280 illam
1175 1216 1311 1281 virtuali-

204 1338 301 1393 tatem
334 1337 420 1393 actus
456 1327 678 1408 substantialis,
708 1329 742 1392 in
770 1351 832 1414 qna
860 1328 1061 1393 contineturr
1075 1327 1311 1393 fundamentum

206 1449 309 1505 autem
334 1440 428 1505 huius
452 1441 609 1505 relationis
620 1449 674 1505 est
689 1441 722 1505 in
741 1441 809 1522 hoc,
829 1440 912 1525 quod
939 1451 1040 1504 motus
1066 1439 1232 1525 productus
1257 1464 1312 1527 per

207 1576 292 1617 suam
308 1553 418 1617 realem
433 1553 593 1618 formalem
608 1552 815 1619 actualitatem
834 1552 973 1618 imitetur
986 1552 1107 1617 realiter
1121 1561 1223 1617 actum
1239 1554 1311 1617 sub-

206 1665 380 1729 stantialem
408 1673 444 1731 ut
478 1675 581 1731 actum
615 1666 766 1731 eiusmodi
796 1666 830 1729 in
859 1666 972 1729 virtute
1004 1688 1060 1730 sua
1092 1666 1310 1731 continentem.

206 1782 325 1846 Relatio
347 1782 411 1847 haec
434 1782 547 1847 dicitur
568 1781 755 1847 causalitatis
772 1792 804 1846 et
821 1781 1047 1866 dependentia:
1070 1791 1117 1846 est
1134 1792 1238 1847 autem
1260 1782 1312 1848 de·

207 1896 373 1980 pendentia
389 1919 407 1960 a
424 1904 567 1960 movente
591 1893 760 1960 essentialis
784 1894 871 1958 omni
893 1893 1000 1958 mobili
1024 1902 1119 1974 moto,
1143 1895 1311 1961 secundum

208 2006 343 2071 axioma:
370 2007 463 2070 Omne
477 2007 556 2091 qaod
568 2014 711 2085 movetur,
724 2007 762 2069 ab
773 2005 833 2069 clio
847 2014 987 2069 moecha.

252 2122 304 2183 65.
328 2117 484 2195 Quaeritur
494 2126 588 2197 sexto,
603 2119 676 2202 quid
687 2121 729 2183 rit
742 2126 928 2183 mercatura.

252 2230 445 2315 Respondeo,
460 2238 651 2295 momentum
667 2252 732 2293 esse
752 2238 856 2294 actum
882 2229 1097 2294 accidentalem
1112 2230 1235 2295 virtutis
1250 2252 1312 2295 mo·

208 2342 277 2407 tivae
291 2342 460 2407 secundum
474 2341 685 2406 intensitatem
700 2340 933 2406 consideratum.
976 2341 1010 2405 Si
1024 2350 1214 2405 momentum
1230 2365 1312 2407 com-

209 2462 331 2538 paretur
354 2452 393 2517 ad
419 2462 521 2518 actum
552 2452 783 2517 substantialem
814 2453 964 2518 moventis
988 2453 1120 2517 utillud
1146 2454 1314 2519 eminenter

210 2568 418 2630 continentem
438 2565 470 2629 in
492 2588 546 2630 sna
571 2565 693 2645 virtute,
721 2554 886 2630 habebitur
910 2574 1101 2629 momentum
1127 2565 1313 2646 absolutum,

139 2674 143 2681 ’
211 2678 294 2763 quod
320 2678 482 2762 dupliciter
508 2677 691 2743 considerari
717 2684 829 2761 potest,
845 2676 878 2740 id
897 2685 944 2740 est
960 2678 1008 2741 vel
1032 2687 1069 2742 ut
1094 2686 1141 2741 est
1166 2689 1252 2742 actus
1275 2678 1314 2742 ab

211 2798 320 2875 agente
335 2789 511 2873 procedens,
522 2789 569 2853 vel
581 2798 617 2852 ut
632 2797 679 2853 est
693 2797 779 2853 actus
790 2788 824 2851 in
839 2788 975 2871 patiente
988 2798 1145 2873 receptus:
1167 2789 1201 2853 in
1216 2789 1315 2874 primo

210 2924 282 2964 casu
297 2900 409 2965 dicitur
422 2896 595 2965 momentum
609 2902 664 2979 vis,
679 2899 713 2963 in
728 2898 862 2963 secundo
880 2906 1055 2963 moerentum
1067 2904 1198 2965 motae*.
1223 2937 1227 2943 ·
1244 2901 1314 2965 Mo·

209 3022 349 3077 mentum
375 3012 549 3076 absolutum
576 3012 689 3076 dicitur
707 3010 800 3075 etiam
819 3010 980 3076 intensitas
994 3010 1234 3085 absolutaactus
1248 3019 1314 3076 mo·
1336 3044 1345 3065 x

209 3126 274 3204 tivi,
289 3134 321 3189 et
336 3134 382 3189 est
398 3146 517 3209 semper
532 3124 613 3187 idem
633 3145 689 3209 pro
710 3123 816 3188 eadem
842 3146 933 3187 causa
958 3124 1126 3188 necessario
1146 3132 1266 3208 agente,
1281 3124 1314 3188 in

209 3236 318 3300 iisdem
332 3234 559 3300 conditionibus
575 3235 738 3300 distantiae.
784 3236 817 3299 Si
831 3246 902 3299 vero
917 3244 1107 3300 momentum
1123 3244 1316 3320 comparetur
1340 3271 1344 3278 ·

209 3348 248 3413 ad
263 3347 347 3411 aliud
361 3356 552 3411 momentum
578 3347 640 3411 sive
665 3346 801 3411 eiusdem
828 3346 948 3431 agentis
967 3346 999 3410 in
1021 3347 1146 3411 diversis
1166 3347 1316 3412 conditio-

210 3458 312 3538 nibus,
328 3458 390 3522 sive
410 3458 521 3523 diversi
546 3458 665 3541 agentis
685 3457 717 3521 in
737 3457 847 3522 iisdem
873 3458 1110 3540 conditionibus,
1129 3460 1191 3523 sive
1206 3460 1316 3525 diversi

211 3570 331 3655 agentis
355 3569 389 3632 in
414 3568 539 3633 diversis
564 3566 802 3649 conditionibus,
834 3568 996 3634 habebitur
1021 3586 1213 3635 momentum
1238 3569 1315 3635 rela-

246 3757 261 3785 *
280 3754 371 3808 Motae
382 3754 497 3809 trahitur
508 3754 545 3807 nd
553 3754 682 3807 rationem
694 3754 809 3823 ammosa,
821 3754 962 3808 mundum
973 3755 1043 3825 quod
1053 3754 1230 3832 coraridmatur
1239 3762 1270 3809 ret
1281 3756 1315 3809 ab

209 3842 265 3911 boc,
278 3842 315 3895 ad
323 3841 452 3895 rationem
464 3846 551 3895 autem
557 3840 688 3911 parrionis
704 3841 826 3909 molitur,
844 3846 874 3895 ut
890 3840 1068 3895 comederetur
1078 3847 1108 3895 art
1118 3841 1147 3896 in
1158 3842 1213 3912 boc,
1225 3842 1316 3915 inquit

210 3946 274 3983 cum
285 3928 433 3983 Aristotele
445 3926 472 3982 S.
486 3927 604 3982 Thomas
615 3926 713 3999 Opusc.
727 3928 769 3981 44
783 3945 806 3981 c.
820 3928 844 3981 8.
890 3928 981 3993 Quare
998 3932 1168 3983 momentum
1178 3928 1222 3984 vis
1233 3929 1317 3984 habet

212 4034 240 4071 sa
254 4021 393 4087 tamquam
410 4015 496 4070 forma
506 4014 645 4069 actuativs
659 4020 749 4068 motus
766 4014 796 4067 in
813 4018 877 4068 ectu
891 4014 987 4087 primo,
1000 4021 1029 4069 et
1043 4021 1212 4070 momentum
1227 4022 1318 4071 motus

211 4102 329 4157 hebetas
337 4106 477 4173 tamquam
487 4101 573 4156 forma
584 4106 675 4155 motus
683 4100 712 4153 in
720 4105 783 4155 actu
790 4100 916 4169 secundo,
925 4105 1004 4155 otest
1013 4101 1102 4173 passio
1114 4100 1236 4157 mobilis:
1254 4122 1318 4157 nam

211 4193 318 4257 emutat,
330 4187 421 4259 inquit
431 4186 533 4242 ibidem
545 4186 573 4242 S.
586 4187 713 4257 Thomas,
725 4188 795 4259 qaod
808 4205 886 4240 omne
897 4187 1012 4241 amcam
1024 4188 1149 4242 remoreris
1160 4189 1235 4243 babet
1246 4209 1317 4243 com·

206 4276 373 4347 parationem
391 4275 428 4328 cd
442 4274 589 4343 subiwtarm,
607 4293 687 4347 qrram
701 4276 1003 4345 adcmrsamapcatcm
1021 4275 1318 4331 ideovcrr'orcstconri·
1382 4333 1384 4336 ,

212 4363 312 4417 deratio
322 4368 407 4416 motas
418 4361 464 4415 arrh
475 4362 576 4417 ratione
582 4362 720 4433 partieris,
734 4380 814 4433 wem
825 4362 872 4415 sub
882 4362 984 4416 rmore
994 4362 1109 4418 actionis
