3200 4984
309 342 373 405 140
620 358 666 403 nr
682 358 888 404 suasrsurra
904 358 1085 404 corrosus.
1245 405 1247 410 ,
1265 340 1351 433 [aar.
1368 361 1409 405 11.

352 525 413 591 Sed
437 525 464 591 si
487 548 670 611 poneremus
688 548 759 590 cum
782 525 976 611 quibusdam,
992 525 1069 590 vires
1090 524 1224 589 materiae
1242 526 1372 591 exerceri
1391 550 1410 592 a

305 638 441 704 minimis
467 637 620 702 distantiis
645 638 802 722 usquead
825 647 965 702 centrum
987 637 1020 702 in
1044 637 1162 701 ratione
1182 636 1301 701 inversa
1323 638 1409 702 cubi·

303 773 409 817 carum
429 750 654 829 distantiarum,
672 749 799 814 omnino
820 757 997 835 sequeretur
1017 749 1083 813 dari
1101 747 1179 813 vires
1201 748 1339 813 infinitas
1360 750 1407 814 in·

302 912 427 977 tensive.
450 912 531 976 Nam
547 919 622 977 tuno
637 910 853 976 substituendo
862 910 994 977 valorem
1005 883 1046 1025 ἐξ
1056 932 1112 996 pro
1127 907 1152 974 o'
1168 910 1201 974 in
1217 912 1408 995 expressione

303 1074 444 1160 serap
455 1124 462 1139 .
472 1074 509 1155 o',
525 1097 594 1159 quae
609 1074 828 1140 detectionem
846 1073 974 1140 totalem
988 1074 1033 1139 vis
1052 1073 1085 1139 in
1103 1095 1197 1139 unam
1218 1074 1407 1159 superficiem

303 1186 492 1273 sphericum,
506 1185 696 1251 obtineretur

780 1295 798 1337 v
810 1276 914 1357 .4or.p

839 1374 861 1437 d
917 1368 926 1388 .

1321 1462 1337 1522 1

303 1468 407 1577 l'osito
427 1531 500 1596 ergo
527 1532 625 1597 p=oo
657 1518 817 1595 utsupra,
848 1511 920 1596 quia
942 1532 998 1595 pro
1021 1511 1105 1573 d=0
1131 1509 1299 1575 ooefficiens
1320 1518 1408 1623 Ecst-

301 1674 489 1737 iterum=oo
500 1722 509 1751 ,
530 1672 681 1758 expressio
706 1672 895 1736 intensitatis
913 1672 957 1737 vis
981 1673 1014 1735 in
1037 1682 1143 1736 centro
1166 1671 1223 1736 erit
1247 1671 1404 1735 inlinitum

301 1784 427 1848 secundi
449 1784 582 1861 ordinis;
614 1793 646 1848 et
674 1783 745 1847 licet
771 1783 993 1869 multiplicetur
1020 1804 1076 1867 per
1104 1782 1336 1847 infinitesimum
1361 1782 1405 1862 dt,

300 1893 438 1958 manebit
460 1894 591 1958 infinita.
636 1894 677 1958 Et
700 1895 759 1959 hoc
782 1903 829 1958 est
855 1893 1023 1959 absurdum
1047 1894 1130 1979 quod
1153 1894 1404 1959 annuntiavimus

299 2029 332 2070 n.
347 2010 399 2071 49.
416 2015 572 2092 tamquam
587 2006 771 2085 inevitabile,
787 2008 814 2070 si
829 2016 1001 2071 assumatur
1016 2006 1064 2071 lex
1079 2007 1233 2071 actionum
1249 2007 1282 2071 in
1297 2007 1404 2071 altiore

298 2119 426 2198 ratione,
442 2141 535 2205 quam
553 2118 680 2183 inversae
697 2118 852 2204 quadrata
873 2118 1036 2183 distantiae.
1082 2118 1151 2195 Qua
1166 2119 1199 2182 in
1214 2142 1246 2183 re
1261 2119 1402 2183 convenit

299 2230 459 2295 nobiscum
471 2230 507 2295 P.
515 2229 715 2309 Boschovich‚
728 2230 782 2315 qui
796 2230 923 2314 pulchre
935 2229 1124 2293 demonstrat
1138 2229 1171 2293 in
1183 2229 1315 2314 quadam
1329 2228 1402 2294 nota

297 2341 437 2405 eamdem
452 2342 621 2421 veritatem,
637 2340 833 2405 considerans
847 2351 978 2420 motum,
994 2363 1055 2426 quo
1070 2351 1145 2406 tunc
1161 2339 1272 2405 mobile
1288 2328 1398 2405 descri-

297 2454 383 2518 beret
406 2454 547 2539 spiralem
571 2452 827 2536 logarithmicam,
846 2452 1017 2543 accedendo
1040 2436 1163 2517 adeius
1184 2461 1345 2531 centrum3
1368 2454 1400 2515 in

297 2588 358 2651 quo
373 2588 445 2630 casu
458 2551 644 2629 haberentur
659 2563 762 2649 plures
777 2562 992 2643 absurditates,
1004 2563 1084 2629 inter
1100 2587 1176 2650 quas
1190 2563 1243 2628 illa
1257 2572 1304 2657 est
1313 2564 1399 2629 valde

296 2677 450 2757 notabilis,
480 2676 564 2762 quod
593 2674 704 2739 mobile
733 2675 809 2738 dum
838 2675 877 2739 ad
907 2683 1048 2739 centrum
1077 2675 1233 2769 pervenire
1264 2674 1397 2755 deberet,

296 2788 407 2851 nullibi
430 2796 520 2851 esset.
565 2785 627 2851 Sed
650 2786 870 2851 demonstratio
893 2786 929 2851 P.
953 2786 1143 2851 Boschovich
1167 2786 1313 2879 supponit
1336 2766 1398 2850 vim

296 2898 496 2988 attractivam,
506 2905 543 2962 et
558 2920 621 2961 non
636 2896 827 2961 demonstrat
843 2896 959 2981 aliquid
979 2882 1215 2983 prohypothesi
1229 2897 1275 2961 vis
1294 2880 1397 2982 repul·

294 3008 374 3072 sivae.
419 3008 497 3072 Inde
526 3010 642 3073 factum
671 3016 729 3087 est,
755 3016 791 3071 ut
820 3006 886 3092 ipse
915 3008 1104 3072 Boschovioh
1133 3008 1253 3091 negatis
1282 3008 1397 3073 viribus

293 3120 460 3185 attractivis
489 3120 523 3183 in
551 3120 708 3185 infinitum
737 3118 943 3183 crescentibus
968 3119 1046 3183 circa
1068 3129 1219 3199 centrum,
1244 3120 1397 3183 censuerit

294 3241 397 3305 tamen
412 3230 534 3295 admitti
548 3253 637 3315 posse
652 3231 730 3296 vires
745 3230 914 3315 repulsivas
928 3230 1008 3294 circa
1027 3240 1167 3294 centrum
1188 3230 1221 3293 in
1239 3231 1396 3319 infinitum

295 3353 475 3409 crescentes.
520 3343 636 3407 Nostra
662 3351 767 3407 autem
791 3342 1010 3406 demonstratio
1033 3342 1153 3426 probat,
1180 3341 1281 3405 nullas
1307 3342 1396 3423 vires,

293 3458 355 3520 sive
383 3454 559 3540 repulsivas,
584 3454 646 3519 sive
672 3455 856 3533 attractivas,
881 3453 1004 3518 admitti
1020 3475 1134 3537 posse,
1150 3475 1219 3538 quae
1242 3457 1336 3538 agant
1362 3454 1396 3518 in

293 3556 409 3631 ratione
423 3567 532 3646 altiori,
548 3589 640 3652 quam
652 3566 869 3652 quadratarum
884 3566 1072 3629 inversarum
1084 3565 1316 3631 distantiarum:
1341 3565 1395 3630 sed

291 3702 328 3745 ex
356 3657 572 3743 demonstratis
600 3679 715 3762 pariter
747 3677 895 3762 sequitur,
926 3676 1131 3741 admittendas
1160 3699 1227 3741 esse
1255 3677 1333 3742 vires
1363 3687 1394 3743 et

291 3780 465 3857 attractivas
484 3788 516 3855 et
535 3790 702 3874 repulsivas
722 3788 867 3853 continue
889 3796 1058 3854 crescentes
1075 3810 1173 3874 usque
1194 3789 1394 3855 adcentrum

290 3919 326 3968 ex
350 3924 411 3988 quo
436 3910 573 3980 manant,
592 3923 668 3985 quae·
685 3909 853 3985 sequantur
877 3899 978 3983 legem
1000 3898 1151 3963 inversam
1175 3899 1394 3984 quadratarum

288 4003 525 4077 distantiarum:
563 4010 633 4075 licet
662 4009 743 4073 enirn
773 4010 846 4073 inde
875 4018 1030 4095 sequatur,
1059 4009 1254 4074 intensitates
1282 4010 1392 4075 harum

289 4124 400 4189 virium
419 4124 484 4187 fore
506 4122 539 4185 in
561 4122 636 4207 ipsis
655 4122 767 4186 centris
789 4121 935 4201 infinitas,
950 4122 1015 4184 haec
1037 4130 1142 4185 tamen
1160 4121 1325 4186 infinitudo
1345 4131 1392 4185 est

289 4244 411 4299 tantum
431 4232 646 4297 mathematica
663 4234 693 4296 et
708 4231 842 4311 relativa,
859 4254 922 4295 non
936 4252 1007 4295 vero
1021 4230 1181 4297 entitativa
1196 4240 1226 4296 et
1242 4218 1391 4311 absoluta,

288 4354 324 4408 ut
339 4343 523 4407 declaratum
540 4351 596 4406 est.
1199 4326 1202 4329 ¹
