3200 4984
224 376 296 421 ose.
311 357 384 441 nu]
588 379 707 423 annun
726 379 955 423 sarcasmum.
1285 362 1326 422 41

224 567 320 632 aquae,
332 568 397 610 non
410 546 578 632 quaerimus
592 546 680 626 illud,
691 555 818 631 propter
832 546 916 632 quod
930 569 1010 631 aqua
1019 556 1067 611 est
1082 546 1263 629 substantia,
1274 570 1329 612 seu

225 681 281 722 ens
296 659 328 723 in
345 682 387 739 se,
404 659 457 723 sed
472 658 552 722 illud
566 667 691 744 propter
706 659 790 743 quod
804 682 883 745 aqua
898 669 945 723 est
958 682 1048 744 aqua,
1057 659 1091 724 id
1104 682 1224 745 nempe,
1236 682 1328 745 prop·

223 779 271 834 ter
286 771 368 856 quod
384 793 463 856 aqua
478 780 524 835 est
539 770 711 835 substantia
725 770 806 850 talis,
816 781 848 835 et
862 770 900 836 ab
914 771 983 835 aliis
998 771 1143 836 distincta
1157 772 1328 837 secundum

224 882 398 946 essentiam.
431 881 646 967 Distinguitur
660 877 763 947 autem
779 883 817 948 ab
833 883 900 948 aliis
916 884 1097 948 substantiis
1111 907 1175 948 non
1189 907 1244 969 per
1256 885 1326 964 boc,

224 993 307 1079 quod
322 994 409 1058 sitin
425 1017 457 1058 se
475 995 544 1078 (hoc
559 995 640 1058 enim
656 1003 702 1058 est
717 994 861 1059 omnibus
876 995 1059 1061 substantiis
1074 999 1260 1080 commune),
1272 997 1327 1061 sed

224 1129 278 1191 per
305 1107 375 1186 boc,
395 1106 479 1191 quod
508 1106 617 1170 habeat
648 1106 795 1191 quasdam
825 1107 1026 1192 proprietates
1055 1131 1126 1172 suas
1162 1108 1327 1173 naturales.

225 1219 355 1296 Quando
370 1241 443 1304 ergo
458 1219 605 1304 quaeritur
620 1219 718 1284 forma
733 1219 931 1284 constitutiva
945 1219 1023 1283 datae
1037 1219 1227 1300 substantiae,
1243 1242 1325 1306 quse·

224 1330 302 1395 ritur
316 1331 358 1411 id,
375 1341 499 1416 propter
514 1330 597 1416 quod
612 1330 684 1395 data
699 1331 870 1396 substantia
885 1339 932 1396 est
946 1330 1017 1395 talis
1031 1340 1150 1396 naturas
1168 1333 1326 1418 specifime,

224 1467 278 1508 seu
293 1445 441 1530 quaerit'ur
449 1445 632 1528 principium
638 1444 768 1529 formale
781 1467 839 1528 quo
849 1444 1081 1529 proprietatum.
1117 1443 1210 1521 Quod
1223 1454 1326 1510 autem

223 1556 281 1621 boc
297 1556 480 1641 principium
495 1555 621 1620 formale
636 1577 700 1619 non
715 1555 755 1619 sit
769 1555 868 1619 forma
880 1555 957 1619 dans
967 1555 1103 1641 primum
1114 1579 1181 1620 esse
1191 1556 1326 1621 materiae

222 1668 339 1752 primae,
356 1691 410 1732 seu
427 1668 526 1733 forma
544 1666 756 1732 substantialis
773 1667 877 1732 stricte
893 1646 1026 1752 sumpta,
1042 1678 1126 1753 patet
1141 1691 1178 1733 ex
1191 1690 1228 1732 eo
1242 1668 1327 1754 quod

222 1779 403 1844 substantiae
417 1779 476 1844 etsi
491 1780 628 1865 specifice
643 1779 777 1858 diversae,
793 1779 979 1844 concordant
994 1780 1144 1845 tamenin
1159 1781 1228 1860 boc,
1242 1781 1326 1867 quod

222 1900 338 1957 estesse
352 1894 541 1970 substantias,
555 1915 608 1956 scu
623 1891 735 1956 babere
748 1891 884 1976 primum
899 1914 982 1957 esse:
1005 1892 1088 1977 quod
1103 1892 1238 1977 primum
1247 1917 1324 1974 csse,

222 2026 320 2090 quum
340 2003 380 2067 sit
399 2003 524 2067 effectus
544 2002 681 2066 formalis
706 2001 812 2066 formae
841 2001 1060 2081 substantialis,
1076 1994 1216 2088 sequitur
1243 2004 1326 2090 ipsas

222 2115 334 2179 formas
358 2113 574 2178 substantiales
597 2137 662 2178 esse
687 2113 824 2177 eiusdem
850 2113 961 2198 speciei
983 2113 1016 2178 in
1042 2115 1126 2179 omni
1150 2114 1322 2181 substantia

223 2227 380 2292 materiali.
427 2227 487 2292 Sed
502 2227 608 2292 formae
619 2225 845 2310 distinguentes
860 2226 997 2310 specifice
1011 2216 1106 2290 unam
1120 2226 1323 2293 substantiam

222 2338 261 2403 ab
271 2339 330 2403 alia
338 2347 497 2424 nequeunt
508 2332 574 2402 esse
585 2337 722 2402 eiusdem
737 2337 867 2422 speciei3
889 2358 963 2421 ergo
977 2336 1083 2401 formae
1098 2337 1323 2424 distinguentes

222 2450 359 2534 specifice
373 2472 469 2514 unam
484 2448 688 2513 substantiam
703 2447 741 2512 ab
757 2447 888 2512 alianon
898 2456 971 2511 sunt
981 2448 1088 2513 formae
1097 2448 1322 2516 substantiales.

264 2564 318 2627 43.
349 2561 431 2625 Huic
454 2567 637 2645 argumento
659 2569 818 2644 nequeunt
839 2558 1022 2644 respondere
1042 2560 1241 2646 peripatetici,
1264 2564 1325 2628 nisi

222 2674 350 2738 dicendo
373 2674 503 2738 formam
526 2672 759 2737 substantialem
780 2671 893 2736 habere
914 2671 992 2736 duos
1017 2672 1143 2738 effectus
1171 2675 1323 2757 formales,

221 2808 320 2848 unum
328 2787 516 2869 primarium,
532 2784 665 2870 eoquod
681 2783 732 2847 det
746 2784 883 2868 primum
905 2805 980 2863 esse,
995 2783 1090 2848 alium
1111 2788 1323 2870 secundarium,

222 2920 258 2961 eo
276 2897 360 2981 quod
377 2897 429 2960 det
453 2895 621 2980 distingui:
645 2895 797 2959 definiunt
815 2896 898 2958 enim
916 2896 1047 2960 formam
1061 2898 1095 2960 id
1106 2899 1186 2982 qaod
1197 2900 1250 2964 dat
1264 2923 1325 2966 ease

220 3012 274 3089 rei,
290 3010 397 3093 detque
411 3009 563 3092 distinpui.
595 3006 697 3083 Quare
711 3006 854 3086 inferent,
869 3007 1010 3072 effectum
1026 3009 1151 3093 quidem
1165 3010 1324 3077 formalem

220 3121 401 3205 primarium
416 3143 481 3202 esse
496 3119 639 3183 eumdem
653 3119 686 3181 in
709 3117 854 3182 omnibus
869 3119 975 3182 formis
990 3119 1253 3203 substantialibus,
1269 3126 1324 3190 sed

220 3233 363 3298 effectum
391 3233 605 3298 secundarium
633 3255 699 3296 esse
730 3231 884 3295 diversum
895 3257 904 3310 ;
945 3241 976 3296 et
1002 3233 1045 3298 sic
1068 3257 1208 3301 corruere
1231 3261 1322 3323 argu-

220 3347 440 3409 mentationem
456 3347 578 3409 saetam.

265 3457 325 3520 sed
353 3467 459 3522 contra
481 3467 546 3522 est:
569 3457 641 3542 quia
656 3457 703 3521 vel
723 3455 814 3520 ambo
837 3457 889 3520 isti
911 3457 1037 3523 effeetus
1051 3459 1193 3526 formales
1207 3485 1321 3549 suppo·

219 3575 337 3632 nuntur
363 3568 449 3653 sequi
474 3569 643 3632 necessario
658 3591 694 3632 ex
710 3568 778 3652 ipsa
795 3567 859 3631 sola
876 3569 1027 3653 positione
1043 3571 1161 3652 formae,
1183 3574 1229 3639 vel
1250 3598 1322 3662 sup-

218 3680 346 3765 ponitur
366 3680 529 3764 primarius
551 3680 677 3743 effectus
700 3679 782 3744 solus
806 3681 976 3746 necessario
998 3681 1084 3768 sequi
1105 3706 1142 3747 ex
1171 3687 1322 3770 positione

218 3793 316 3876 ipsius
330 3791 447 3870 formae,
458 3791 654 3856 secundarius
663 3813 733 3856 vero
748 3813 812 3854 non
828 3791 924 3875 sequi,
934 3792 995 3856 nisi
1010 3794 1086 3878 quid
1100 3795 1185 3860 aliud
1199 3800 1322 3866 accedat

218 3914 331 3988 praeter
360 3903 445 3968 illam
474 3904 615 3969 formam.
675 3904 709 3968 Si
738 3914 866 3989 uterque
896 3904 1022 3969 effectus
1051 3910 1220 3974 necessario
1248 3933 1321 3975 con-

218 4025 364 4101 sequatur
376 4016 476 4100 ipsam
490 4016 673 4100 positionem
688 4017 807 4094 formae,
823 4017 899 4102 quin
914 4016 999 4080 aliud
1016 4019 1149 4100 accedat,
1165 4022 1256 4087 ambo
1276 4024 1321 4087 illi

217 4129 343 4193 effectus
359 4136 449 4192 erunt
468 4125 648 4206 immediati,
664 4136 695 4191 et
716 4128 759 4191 ita
774 4127 940 4206 coniuncti,
956 4136 993 4192 ut
1007 4138 1140 4215 nequeat
1156 4155 1222 4197 esse
1236 4156 1319 4198 unus

218 4240 284 4304 sine
302 4239 406 4319 altero,
428 4261 525 4323 quum
546 4240 677 4304 babeant
700 4261 825 4304 causam
842 4263 937 4304 unam
954 4263 1150 4307 communem
1167 4252 1199 4308 et
1216 4267 1320 4309 neces-

219 4351 338 4430 sariam,
364 4374 426 4436 qua
454 4351 554 4436 posita
583 4350 752 4416 necessario
782 4351 873 4416 ambo
902 4364 1073 4438 ponuntur,
1103 4377 1164 4440 qua
1193 4356 1322 4436 sublata,
