3200 4984
304 388 366 451 198
600 410 641 452 nn
658 409 864 453 sunsrsrvrrs
881 409 1065 453 coaronns.
1161 449 1165 455 ,
1245 384 1328 469 [cnr.
1346 404 1403 445 111.

303 582 423 647 adsero
438 583 583 649 distantia
598 595 789 651 centrorum:
809 608 887 670 opus
901 584 997 669 igitur
1011 591 1090 648 esset
1109 581 1331 667 compressione
1351 580 1403 643 in-

302 694 399 773 finita,
415 704 468 761 aut
483 695 554 781 plus
569 720 662 782 quam
677 698 807 776 infinita,
822 696 861 761 ad
876 695 1055 761 vincendam
1070 716 1176 759 eorum
1187 691 1405 756 resistentiam.

302 804 494 892 compressio
509 818 611 874 autem
627 808 748 875 infinita
761 832 779 873 a
794 808 881 872 nulla
895 830 985 872 eausa
999 806 1132 870 naturali
1142 804 1273 869 exerceri
1282 809 1405 887 potest;

301 918 420 984 etiamsi
429 929 537 1004 agatur
552 921 590 985 de
605 921 757 985 infinitate
768 920 993 997 mathematica,
1009 942 1063 983 seu
1078 918 1201 982 relativa
1216 916 1255 980 ad
1269 914 1406 998 aliquam

301 1030 451 1095 unitatem
466 1031 623 1117 temporis,
639 1041 675 1096 ut
691 1031 809 1095 dietum
824 1040 871 1095 est
886 1053 979 1115 supra
996 1053 1028 1094 η.
1045 1033 1097 1094 52.
1142 1032 1188 1093 2⁰.
1213 1028 1245 1090 Si
1264 1026 1327 1090 sint
1341 1025 1406 1089 duo

301 1141 452 1207 elementa
474 1144 643 1222 attractiva,
664 1142 788 1207 evidens
806 1152 861 1221 est,
883 1141 965 1227 quod
981 1164 1087 1205 eorum
1110 1140 1188 1204 actio
1211 1147 1319 1202 mutua
1333 1158 1407 1221 pro·

302 1252 386 1317 ducit
401 1263 520 1319 motum
535 1256 628 1319 unius
643 1254 682 1320 ad
697 1254 840 1332 alterum,
856 1254 889 1317 iu
904 1274 965 1338 quo
980 1252 1147 1337 acquiritur
1161 1249 1305 1315 velocitas
1322 1238 1405 1311 eius-

301 1363 394 1444 modi,
410 1386 481 1450 quae
495 1366 595 1430 tendit
614 1366 652 1431 ad
672 1366 839 1444 inlinitum,
864 1365 1010 1429 tendente
1028 1364 1067 1428 ad
1088 1385 1157 1427 zero
1177 1362 1323 1426 distantia
1342 1359 1408 1423 ele-

300 1484 485 1540 mentorum.
529 1478 612 1561 llrgo
632 1500 709 1563 opus
726 1486 806 1542 esset
826 1477 855 1541 vi
875 1477 997 1540 infinita
1019 1476 1057 1539 ad
1079 1472 1309 1560 impediendum
1327 1495 1409 1556 quo·

301 1586 404 1650 minus
424 1586 573 1651 elementa
594 1588 647 1652 illa
660 1588 819 1653 velocitate
839 1588 1004 1651 informata
1021 1588 1195 1651 recederent
1215 1585 1252 1649 ab
1273 1585 1407 1649 invicem

301 1706 371 1781 post
397 1720 596 1763 coneursum:
621 1708 773 1784 oporteret
798 1699 881 1763 enim
906 1698 1060 1763 destruere
1083 1699 1116 1761 in
1142 1698 1271 1762 instanti
1297 1718 1407 1760 eorum

301 1809 490 1875 velocitatem
506 1811 538 1874 in
554 1834 589 1875 eo
604 1822 720 1896 puncto
740 1812 874 1896 praecise,
896 1811 929 1875 in
950 1833 1012 1896 quo
1031 1810 1158 1894 attingit
1176 1810 1306 1873 limitem
1326 1830 1407 1891 aug-

304 1924 408 1985 menti·
421 1924 454 1985 in
476 1915 643 1987 infinitum.
681 1926 725 1987 3⁰.
748 1924 780 1987 Si
801 1923 932 2008 denique
956 1923 1018 1986 sint
1040 1922 1102 1987 duo
1122 1921 1281 1998 elementa,
1305 1941 1407 1983 unum

303 2033 507 2112 attractivum,
526 2043 565 2097 ‘et
589 2034 673 2119 aliud
698 2033 897 2118 repulsivam,
921 2044 997 2097 ωηο
1023 2033 1071 2097 vel
1088 2041 1179 2096 erunt
1199 2031 1332 2116 aequalis,
1356 2030 1407 2093 vel

303 2143 428 2209 diversae
447 2145 642 2209 intersitatis.
689 2145 722 2209 si
743 2146 868 2231 aequalis
886 2145 1081 2221 intensitatis,
1102 2152 1186 2221 tunc,
1208 2142 1408 2227 quandoper

303 2258 557 2341 compressionem
571 2257 650 2322 facta
664 2266 755 2321 erunt
768 2258 831 2320 iam
846 2234 1039 2335 vicinissime,
1050 2255 1232 2320 exercebunt
1241 2254 1406 2317 maximam

304 2368 452 2433 actionem
468 2370 507 2433 ad
522 2369 703 2454 fugiendum
719 2392 736 2432 e
750 2368 874 2453 regione
887 2368 1030 2433 elementi
1045 2363 1206 2445 attractivi,
1222 2374 1259 2429 ut
1273 2364 1408 2428 vidimus

303 2503 333 2543 n.
359 2460 413 2559 ⁵73,
438 2481 492 2565 fig.
518 2484 550 2543 4.
596 2480 671 2544 Haec
697 2488 799 2543 autem
825 2481 903 2543 actio
922 2480 1052 2543 tendens
1075 2478 1115 2541 ad
1137 2476 1304 2553 infinitum,
1329 2476 1407 2539 dnm

304 2592 449 2655 distentia
463 2591 683 2655 elementorum
698 2590 798 2653 tendit
813 2591 852 2654 ad
863 2613 941 2667 zero,
953 2589 1108 2675 superabit
1120 2611 1243 2652 omnem
1254 2587 1406 2661 actionem

303 2703 432 2767 ulterius
447 2704 644 2789 comprimere
659 2710 840 2766 tentantem.
887 2701 921 2764 Si
940 2724 1011 2765 vero
1030 2701 1146 2765 fuerint
1163 2699 1288 2763 diversae
1302 2698 1407 2761 inten-

304 2815 412 2892 sitatis,
427 2825 503 2878 tune
518 2814 565 2877 vel
587 2814 774 2899 repulsivam
791 2823 913 2896 superat
928 2812 1131 2891 attractivum,
1146 2811 1194 2875 vel
1208 2810 1267 2897 lroc
1282 2821 1407 2895 superat

303 2924 391 2989 illud.
447 2927 480 2989 si
504 2928 535 2989 R
562 2938 684 3010 superat
704 2926 736 2988 Α
763 2926 827 3009 (fig.
852 2927 898 3008 5),
922 2934 998 2988 tunc
1023 2948 1041 2988 a
1062 2923 1181 2987 fortiori
1203 2921 1409 2986 verificabitur

304 3036 387 3120 quod
401 3059 483 3100 nuno
498 3037 649 3115 diximus,
669 3037 741 3121 quia
756 3039 786 3098 A
802 3035 927 3099 habebit
942 3036 1087 3098 maiorem
1103 3035 1253 3119 impetum
1268 3034 1307 3096 ad
1322 3033 1406 3117 fugi·

305 3148 429 3226 endum,
445 3171 538 3232 quam
550 3150 580 3210 R
595 3149 633 3211 ad
649 3147 857 3232 sequendum:
878 3156 1000 3210 ettunc
1022 3147 1112 3209 eitius
1127 3145 1265 3210 redditur
1286 3145 1407 3209 inutilis

304 3270 431 3323 conatus
446 3260 491 3323 vis
505 3260 703 3343 comprimere
717 3259 876 3323 tentantis.
922 3258 956 3321 Si
971 3280 1041 3321 vero
1056 3259 1086 3320 A
1103 3265 1227 3341 superat
1241 3259 1271 3320 R
1282 3258 1347 3341 (fig.
1358 3258 1405 3339 6),

304 3381 378 3441 tunc
394 3372 424 3433 R
438 3371 537 3435 tendit
553 3371 591 3433 ad
607 3371 808 3435 oscillandnm
823 3369 903 3432 ultra
915 3372 956 3448 A,
971 3381 1007 3433 ut
1022 3369 1155 3433 vidimus
1169 3392 1201 3432 n.
1218 3370 1270 3446 73,
1285 3376 1317 3431 et
1326 3366 1405 3444 ide0,

305 3483 344 3547 ad
364 3482 560 3546 obtinendam
589 3482 897 3566 compenetrationem
918 3489 1158 3565 permanentem,
1182 3501 1303 3543 necesse
1327 3487 1407 3541 esset

304 3594 451 3679 impedire
466 3616 660 3679 progressum
676 3592 818 3656 elementi
833 3594 865 3655 R
883 3592 964 3655 ultra
984 3592 1168 3657 elementum
1189 3592 1232 3652 Α.
1278 3588 1339 3652 Sed
1355 3588 1407 3652 hie

305 3730 484 3792 progressus
499 3705 638 3789 impediri
658 3704 765 3789 nequit
786 3704 898 3794 virtute
920 3703 1016 3767 finita.
1063 3704 1145 3766 Nam
1168 3701 1319 3785 velocitas,
1344 3722 1407 3784 qua

305 3825 336 3889 R
350 3823 450 3887 tendit
470 3821 509 3884 ad
531 3821 613 3884 huno
635 3809 831 3904 progressum
852 3827 898 3881 est
916 3818 1036 3881 infinita
1053 3818 1085 3880 in
1103 3825 1219 3901 puncto
1236 3822 1406 3891 contaetus,

306 3946 340 3999 ut
355 3934 442 3999 facile
462 3933 579 3998 eruitur
594 3955 630 3995 ex
646 3930 767 3995 Scholio
780 3930 844 3992 ΙΙΙ.
859 3945 891 3992 η.
912 3934 963 4008 74,
982 3930 1008 3993 si
1026 3938 1179 4013 quaeratur
1200 3927 1283 3990 valor
1296 3925 1406 3990 veloci·

305 4096 378 4160 tatis
391 4048 453 4207 g,

347 4257 430 4340 Ergo
456 4256 489 4318 in
515 4253 601 4317 nullo
625 4276 698 4317 casu
723 4253 839 4316 viribus
862 4251 1054 4315 naturalibus
1071 4250 1203 4314 obtineri
1223 4248 1345 4334 poterit,
1368 4258 1406 4312 ut

470 4117 523 4158 seu
538 4118 558 4157 a
572 4116 629 4177 pro
644 4116 716 4156 casu
731 4100 825 4155 a='rc.

265 4438 267 4441 ,
305 4380 402 4431 ηηηηι
418 4366 602 4448 elementum
618 4373 753 4427 moretur
768 4365 800 4427 in
819 4364 885 4430 loco
906 4363 1022 4440 eodem,
1037 4362 1070 4425 in
1086 4385 1147 4447 quo
1162 4371 1232 4426 actu
1254 4370 1301 4425 est
1321 4360 1405 4425 aliud
