3200 4984
295 356 358 419 158
500 414 503 425 ,
622 378 665 420 nn
683 378 885 422 sussrsnrm
902 378 1082 421 consonus.
1261 361 1345 443 [cur.
1363 380 1401 423 11.

296 545 452 628 responsio
466 553 598 629 nequeat
612 544 758 631 applicari
770 546 884 610 viribus
896 555 1006 610 mutuo
1018 546 1194 625 attractivis,
1207 565 1275 631 quae
1286 547 1401 611 faciunt

295 656 640 741 appropinquationem:
671 656 725 721 nbi
750 657 834 722 enim
860 666 906 722 cst
930 666 1090 724 contactus
1116 652 1180 723 non
1205 669 1308 745 potest
1336 660 1401 724 fieri

294 770 559 854 appropinquatio.
605 772 640 832 4⁰
660 770 743 855 quod
763 770 869 834 eadem
889 771 1047 854 responsio
1068 778 1221 855 supponat
1244 772 1400 834 materiam

293 902 358 975 non
380 904 445 946 esse
467 867 544 965 pure
564 880 725 966 passivam,
742 880 796 945 sed
817 881 908 945 etiam
933 880 1081 960 activam;
1110 881 1182 967 quia
1204 882 1230 945 si
1252 904 1307 966 per
1328 904 1400 946 con·
1466 908 1474 915 ·

292 1002 411 1058 tactum
425 993 533 1078 puncti
547 1015 618 1058 cum
633 1002 749 1078 puncto
763 992 896 1057 habetur
909 1002 1023 1069 motus,
1040 994 1166 1057 materia
1182 1002 1217 1056 ut
1232 993 1303 1057 talis
1317 1015 1397 1058 com·

294 1105 431 1169 munient
450 1113 568 1171 motum
588 1103 675 1169 alteri
699 1104 844 1169 materiae.
888 1103 1000 1168 Omnis
1023 1113 1127 1167 autem
1148 1105 1193 1169 vis
1212 1105 1311 1169 activa
1328 1128 1398 1190 quae

292 1218 387 1283 estin
407 1218 579 1283 substantia
596 1216 744 1281 materiali
766 1224 814 1280 est
836 1214 952 1300 aliquid
974 1216 1088 1293 formae,
1105 1237 1167 1280 non
1190 1216 1345 1295 materiae;
1368 1227 1397 1279 et

292 1332 390 1395 forma
404 1352 467 1394 non
483 1338 530 1394 est
545 1326 720 1413 tangibilia:
744 1349 837 1412 quare
852 1335 955 1391 motus
974 1327 1083 1414 nequit
1102 1316 1232 1412 produci
1252 1351 1307 1413 per
1326 1350 1397 1393 con-

291 1449 419 1507 tactum.
474 1440 506 1504 ὅο
531 1440 603 1525 quia
632 1462 671 1504 ex
699 1438 977 1504 communicatione
1007 1449 1109 1504 motus
1138 1462 1193 1526 per
1222 1449 1397 1506 contactum

292 1556 440 1640 sequitur,
463 1552 653 1619 velocitatem
682 1551 776 1630 illam,
803 1573 872 1635 quae
902 1561 948 1615 est
977 1551 1010 1615 in
1039 1560 1182 1616 movente
1206 1553 1336 1617 transire
1364 1554 1397 1617 in

292 1674 420 1742 motum,
444 1664 528 1749 quod
557 1672 603 1728 est
634 1661 845 1747 inexplicabile
875 1671 906 1725 et
935 1661 1134 1746 impossibile,
1156 1672 1192 1726 ut
1221 1662 1283 1726 iam
1305 1686 1397 1748 supra

291 1777 460 1855 innuimus,
476 1784 507 1840 et
521 1777 601 1840 inira
621 1775 721 1840 adhuc
737 1773 966 1838 declarabimus.
1013 1773 1126 1853 Quare,
1142 1796 1183 1837 ne
1199 1775 1289 1859 plura
1303 1777 1395 1840 adda·

291 1888 462 1967 musantia
481 1896 584 1972 aperte
603 1895 734 1966 constat,
749 1894 780 1950 et
800 1870 837 1951 eir
856 1886 964 1971 primis
983 1887 1174 1970 argumentis
1189 1886 1349 1967 absolutis,
1365 1898 1396 1951 et

290 2023 327 2065 ex
342 1998 541 2084 sequentibus
550 2000 591 2063 ad
602 2000 754 2077 hominm,
766 1997 918 2061 elementa
932 1997 1100 2061 materialia
1114 2020 1204 2082 agere
1218 1999 1251 2062 in
1266 1998 1393 2063 invicem

291 2113 330 2178 ad
353 2110 531 2176 distantiam
562 2110 627 2175 sine
650 2110 715 2174 ullo
744 2110 857 2174 auxilio
887 2109 1110 2175 clementorum
1132 2132 1395 2196 quorumcumque

289 2223 551 2301 intermediorum,
567 2243 622 2307 per
636 2244 705 2307 quae
719 2243 825 2285 eorum
841 2222 938 2285 virtus
953 2221 1181 2285 transmittatur
1195 2222 1228 2285 in
1244 2221 1370 2287 distans.

333 2337 393 2401 Per
414 2337 478 2401 haec
499 2344 603 2399 tamen
629 2333 752 2399 evidens
777 2343 823 2397 est
847 2355 910 2396 non
932 2332 1010 2411 tolli,
1026 2333 1103 2417 quin
1125 2330 1277 2397 elementa
1298 2334 1392 2398 inter-

289 2448 390 2512 media
404 2448 553 2512 actionem
569 2468 656 2510 snam
679 2445 834 2530 propriam
850 2453 982 2523 exerant,
999 2467 1069 2530 quac
1082 2468 1146 2509 non
1162 2454 1210 2509 est
1230 2468 1266 2509 ex
1280 2445 1393 2512 virtute

289 2560 391 2646 aliqua
406 2582 498 2645 quam
518 2558 741 2637 transmittant,
758 2557 812 2621 scd
832 2579 869 2620 ex
883 2556 996 2620 virtrue
1011 2557 1148 2641 ipsorum
1164 2557 1297 2642 propria.
1344 2560 1392 2623 Si·

289 2672 404 2737 militer
432 2692 495 2735 non
525 2670 653 2749 tollitur,
679 2669 755 2753 quin
785 2669 865 2733 aetio
894 2667 1038 2733 elementi
1067 2668 1211 2733 distantis
1240 2668 1392 2734 modificet

289 2783 450 2849 distantias
468 2782 501 2846 in
516 2781 675 2846 elementis
695 2780 757 2844 illis
772 2779 981 2857 intermediis3
1004 2802 1041 2843 ex
1064 2801 1126 2864 qua
1151 2781 1320 2845 mutatione
1345 2804 1393 2846 re-

288 2896 394 2974 sultat,
409 2903 444 2958 ut
459 2893 610 2958 clementa
629 2892 811 2957 intermedia
825 2900 982 2957 exerceant
997 2892 1115 2969 diversa
1129 2914 1200 2956 cum
1214 2892 1391 2957 intensitate

287 3005 437 3070 actionem
452 3027 558 3069 suam:
579 3004 632 3069 sed
646 3004 712 3069 haec
727 3004 806 3068 actio
822 3025 941 3088 semper
956 3012 1002 3066 est
1016 3003 1153 3087 ipsorum
1169 3002 1389 3068 elementorum

286 3116 538 3181 intermediomnr
557 3115 690 3200 propria,
713 3137 873 3199 nunquam
899 3114 980 3178 actio
999 3114 1189 3178 transmissa.
1235 3113 1313 3191 Quae
1327 3114 1390 3180 duo

285 3227 469 3306 notavimus,
485 3234 521 3289 ut
543 3226 582 3290 ad
604 3225 763 3291 solvendas
778 3225 927 3311 quasdam
944 3224 1139 3289 difficultates
1158 3234 1275 3310 pateret
1295 3226 1389 3311 aequi-

286 3339 480 3404 vocationum
489 3358 597 3403 cansa:
620 3338 654 3401 in
669 3360 760 3423 quem
770 3339 865 3401 finem
880 3337 948 3401 vide
961 3337 1053 3401 etiam
1066 3359 1135 3422 quae
1149 3337 1282 3403 diximus
1292 3362 1324 3402 n.
1334 3342 1387 3403 41.

331 3452 382 3516 67.
407 3448 562 3526 Quaeritur
588 3458 681 3529 sexto,
707 3458 805 3513 utrum
832 3450 931 3514 cadem
954 3450 996 3513 sit
1014 3451 1177 3533 passivitas
1202 3452 1235 3512 in
1257 3453 1389 3515 omnibus

286 3564 442 3642 clementia,
458 3582 497 3625 art
510 3562 605 3626 maior
619 3564 659 3626 ait
674 3564 706 3625 iu
721 3562 893 3645 quibusdum
913 3569 943 3624 et
964 3563 997 3624 in
1011 3560 1081 3625 aliie
1095 3562 1190 3624 minor
1198 3584 1258 3644 pro
1273 3562 1387 3625 diuersa

284 3676 314 3738 ui
328 3676 435 3739 activa.

330 3785 521 3871 Responde0,
537 3784 682 3849 maiorem
698 3783 842 3847 virtutem
862 3784 992 3848 activam
1015 3805 1077 3847 non
1097 3784 1217 3867 erigere
1241 3784 1386 3848 maiorem

284 3898 491 3985 passivitatem
506 3894 538 3959 in
551 3918 606 3959 sua
614 3894 750 3974 materia,
763 3902 794 3959 et
805 3894 908 3958 omnia
919 3894 1070 3959 elementa
1081 3894 1233 3980 simplicia
1247 3896 1385 3961 eamdem

283 4010 422 4077 abolute
431 4008 542 4074 habere
552 4006 769 4092 passivitatem.
808 4006 849 4069 Et
860 4028 909 4070 res
920 4015 967 4070 cst
978 4005 1112 4070 evidens.
1150 4006 1232 4070 Nam
1246 4010 1385 4092 1⁰·quum

283 4122 444 4208 passivitas
458 4142 521 4185 non
537 4119 577 4185 sit
592 4119 715 4197 entitas,
730 4127 767 4181 ut
788 4141 881 4203 supra
895 4117 1075 4181 dictumest
1093 4117 1173 4201 (vide
1193 4118 1285 4181 ctiam
1305 4128 1384 4183 trac·

282 4244 381 4299 tatum
398 4233 436 4297 dc
449 4230 608 4317 principiis
622 4252 724 4295 rerum
744 4228 931 4294 naturalium
948 4250 974 4293 c.
993 4232 1009 4292 l
1027 4237 1058 4293 et
1073 4230 1119 4313 2),
1135 4228 1322 4313 impossibile
1337 4239 1384 4294 est

282 4346 347 4411 dari
370 4347 401 4407 in
422 4342 596 4427 passivitate
611 4341 710 4425 magis
729 4349 759 4404 et
783 4341 896 4403 minus.
942 4340 1025 4423 Ergo
1047 4340 1173 4404 omnino
1192 4339 1317 4425 aequalis
1338 4350 1384 4405 est
