3200 4984
227 497 231 503 Ι
294 413 363 475 244
550 400 554 407 ¹
662 434 704 477 ou
721 434 843 478 sarnus
858 431 1052 477 conrrrvurs.
1273 404 1403 489 [car-,1-

294 590 442 671 nihilum,
458 593 549 658 omne
560 596 694 678 spatium
705 595 784 660 reale
794 596 852 660 crit
865 593 1067 659 essentialiter
1081 590 1219 676 plenum,
1229 597 1264 652 ut
1279 588 1402 652 Balmes

301 702 407 768 docet:
430 704 540 769 sivero
563 708 732 772 constiterit
747 729 878 773 vacuum
897 707 931 771 in
953 714 1063 770 natura
1084 726 1188 768 rerum
1210 702 1347 781 existere,
1369 711 1401 763 et

301 814 423 899 quidem
439 838 494 901 per
508 817 634 882 modum
655 819 812 899 realitatis,
834 830 910 885 tunc
930 816 1051 881 realitas
1069 814 1162 900 spatii
1180 836 1245 878 non
1259 822 1402 897 exsurget

301 948 337 991 cx
363 928 436 991 reali
461 930 635 995 extensione
658 954 829 1024 corporum,
855 941 887 996 et
910 930 1062 995 sententia
1081 927 1274 993 Balmesiana
1293 933 1402 1011 sponte

301 1048 387 1104 ruet:
419 1064 479 1127 qua
503 1053 621 1123 ruente,
646 1043 685 1109 ad
712 1044 853 1111 Lessium
880 1053 911 1109 et
936 1043 976 1107 ad
1001 1042 1189 1106 Fenelonum
1214 1040 1271 1103 erit
1294 1038 1402 1103 consu·

300 1150 456 1234 giendum.
871 1226 878 1239 ,

344 1264 375 1326 4.
399 1263 555 1341 Quaeritur
569 1290 642 1352 ergo
657 1270 765 1353 primo,
782 1290 821 1332 aa
835 1269 919 1331 datar
929 1270 962 1330 ia
975 1276 1083 1330 natura
1097 1266 1218 1349 aliquod
1228 1286 1359 1328 canaam.

346 1374 528 1461 Respondeo
541 1380 726 1444 affirmative.
763 1380 846 1443 Nam
863 1384 897 1444 1⁰
919 1380 1085 1465 Repugnat
1106 1378 1231 1441 materia
1245 1376 1401 1454 continua,

299 1496 338 1549 ut
362 1488 552 1554 ostendimus
577 1492 608 1556 in
636 1500 767 1556 tractatu
782 1493 831 1555 Dc
852 1493 1020 1555 substantia
1038 1513 1186 1574 corporeo,
1202 1512 1229 1553 c.
1245 1490 1265 1553 i.
1319 1489 1401 1572 Ergo

303 1598 395 1663 datur
415 1624 543 1667 vacuum
564 1606 646 1668 inter
668 1603 818 1668 elementa
842 1602 983 1669 materia.
1031 1602 1099 1667 Hoc
1116 1610 1333 1685 argumentum
1355 1610 1403 1664 est

302 1709 521 1791 fortissimum3
545 1712 694 1799 siquidem
718 1715 853 1779 materiae
875 1714 1029 1778 continuae
1052 1712 1254 1797 repugnantia
1276 1711 1402 1775 demon·

301 1828 398 1885 atrata
419 1823 478 1888 fuit
501 1824 691 1891 solidissime.
737 1829 772 1891 2⁰
788 1825 1022 1891 Praescindendo
1045 1848 1064 1889 a
1083 1825 1251 1910 quaestione
1270 1822 1309 1887 de
1330 1845 1401 1887 con·

301 1932 444 1997 tinuitate
459 1936 601 2015 materiae,
618 1936 704 2002 dico:
727 1936 829 2002 Datur
852 1946 954 2001 motus
973 1937 1054 2000 inter
1068 1945 1169 2021 partes
1182 1934 1319 1999 materiae
1331 1958 1402 1999 mu·

301 2052 370 2107 tans
385 2045 560 2111 relationem
576 2047 728 2114 distantiae
745 2050 826 2113 inter
840 2050 932 2134 ipsas.
976 2049 1073 2133 Atqui
1089 2048 1159 2112 talis
1176 2058 1279 2111 motus
1293 2046 1400 2131 nequit

299 2156 375 2237 fieri,
391 2157 450 2223 nisi
469 2158 560 2223 detur
580 2160 703 2245 aliquod
718 2183 857 2225 vacuum.
901 2162 985 2246 Ergo
1008 2160 1099 2224 datur
1117 2182 1256 2226 vacnum.
1302 2157 1403 2221 Maior

298 2268 473 2334 admittitur
487 2270 525 2335 ab
541 2272 693 2352 omnibus,
709 2282 740 2336 et
754 2283 800 2338 est
816 2273 907 2359 plane
921 2283 1020 2337 certa:
1044 2272 1143 2336 minor
1157 2280 1259 2335 autem
1274 2270 1317 2335 sic
1330 2292 1401 2355 pro-

247 2405 251 2412 ’
299 2379 406 2446 batur:
431 2382 548 2468 Nequit
569 2384 683 2448 mutari
704 2384 811 2449 relatio
841 2384 992 2449 distantiae
1013 2383 1093 2449 inter
1114 2392 1226 2466 partes,
1248 2383 1309 2446 nisi
1331 2406 1401 2467 pars

298 2501 381 2556 mota
402 2494 524 2559 accedat
546 2494 586 2558 ad
608 2494 741 2580 aliquam
759 2496 934 2560 viciniorem
957 2506 987 2559 et
1009 2494 1130 2559 recedat
1151 2493 1190 2557 ab
1210 2494 1313 2579 aliqua
1329 2494 1401 2557 vici-

297 2604 400 2669 niore:
423 2605 477 2670 sed
498 2607 606 2693 nequit
631 2629 702 2692 pars
727 2617 811 2671 mota
839 2608 979 2671 accedere
1000 2606 1040 2671 ad
1060 2606 1193 2691 aliquam
1215 2606 1400 2685 viciniorem,

298 2716 358 2779 nisi
372 2739 426 2801 per
440 2716 564 2802 aliquod
583 2741 711 2785 vacuum
735 2718 816 2782 inter
837 2741 887 2782 eas
908 2718 1113 2803 praeexistens,
1136 2740 1193 2781 neo
1209 2717 1347 2781 recedere
1362 2718 1401 2781 ab

297 2827 399 2913 aliqua
413 2830 566 2910 viciniore,
581 2831 641 2895 nisi
655 2832 709 2896 fiat
725 2854 854 2895 vacuum
875 2831 1009 2917 aliquod,
1033 2831 1140 2895 saltem
1162 2831 1400 2908 instantaneum,

298 2942 460 3006 intereas.
503 2943 586 3028 Ergo
608 2944 678 3009 talis
700 2954 804 3013 motus
834 2944 941 3029 nequit
969 2944 1045 3021 fieri,
1067 2944 1127 3008 nisi
1149 2944 1239 3008 detur
1260 2965 1400 3008 vacuum.

297 3051 387 3116 Prob.
400 3052 475 3117 min.
496 3054 578 3117 Nam
593 3055 713 3120 realiter
728 3055 868 3120 accedere
883 3054 1072 3140 praerequirit
1087 3054 1197 3118 realem
1211 3054 1400 3134 distantiam,

297 3172 327 3227 et
342 3164 461 3228 realiter
475 3165 613 3232 recedere
627 3166 768 3251 producit
784 3166 896 3230 realem
912 3166 1089 3229 distantiam
1103 3166 1184 3229 inter
1198 3175 1308 3250 partes.
1339 3165 1401 3230 Sed

298 3274 443 3340 <latentia
462 3276 597 3361 partium
612 3278 791 3342 viciniorum
807 3289 854 3343 est
868 3277 992 3362 negatio
1011 3277 1223 3341 continuitatis
1237 3278 1317 3341 iuter
1331 3300 1400 3341 eas:

296 3400 327 3453 et
351 3390 474 3473 negatio
502 3389 715 3454 continuitatis
744 3390 825 3455 inter
853 3399 955 3476 partes
978 3389 1137 3453 viciniores
1165 3399 1212 3454 est
1239 3389 1401 3453 affirmatio

298 3501 384 3566 vacui
413 3501 493 3565 inter
522 3524 590 3581 eae,
613 3524 695 3586 ergo,
721 3504 747 3565 si
771 3502 862 3566 datur
888 3511 989 3566 motus
1020 3501 1163 3565 relativus
1192 3501 1335 3585 partium,
1366 3510 1402 3563 ut

296 3612 450 3677 evidenter
465 3613 565 3692 datur,
581 3614 671 3677 datur
686 3613 778 3677 etiam
793 3635 933 3678 vacuum.
980 3611 1048 3675 Hoc
1064 3611 1197 3675 secundo
1219 3621 1401 3695 argumento

296 3726 387 3790 etiam
397 3725 429 3805 ii,
441 3724 494 3810 qui
509 3724 785 3810 impossibilitatem
802 3724 936 3789 materiae
951 3724 1104 3788 continua
1118 3745 1179 3787 non
1195 3723 1274 3787 clare
1285 3723 1399 3803 vident,

296 3846 450 3923 coguntur
472 3835 633 3901 admittere
654 3859 783 3901 vacuum
806 3835 839 3899 in
861 3858 963 3900 rernm
982 3843 1102 3899 natura.
1148 3838 1182 3898 30
1203 3834 1287 3898 Addi
1300 3845 1401 3920 potest

295 3956 511 4032 argumentum
534 3948 732 4032 desumptum
754 3970 790 4011 ex
812 3945 1094 4031 compressibilitate
1119 3968 1289 4030 corporum,
1312 3947 1400 4010 cuius
1462 3936 1466 3944 ’

295 4059 421 4123 effectus
435 4068 493 4140 cst,
508 4069 543 4124 ut
558 4058 663 4123 eadem
683 4060 817 4125 materiae
839 4080 939 4123 massa
958 4057 1016 4121 sub
1032 4058 1143 4122 minori
1159 4058 1311 4121 volumine
1326 4080 1399 4121 con-

294 4171 384 4235 tineri
399 4171 505 4255 possit.
550 4170 584 4235 Si
597 4172 680 4235 enim
702 4170 806 4237 eadem
823 4193 923 4234 massa
937 4170 976 4234 ad
992 4170 1095 4234 minus
1110 4169 1254 4234 volumen
1274 4170 1401 4236 reduca-

294 4292 346 4345 tur
359 4283 406 4365 (ut
417 4304 513 4368 quum
525 4288 577 4347 aiir
588 4281 799 4367 comprimitur
810 4281 844 4346 in
855 4280 958 4366 aliqua
969 4281 1122 4365 machina)
1136 4304 1233 4366 quum
1248 4304 1302 4364 per
1316 4304 1398 4345 com·

293 4393 478 4475 pressionem
511 4395 636 4457 materia
665 4417 728 4458 non
758 4403 966 4477 compeuetret
998 4394 1168 4472 materiam,
1201 4400 1324 4457 necesse
1353 4404 1400 4456 est
