3200 4984
759 394 874 436 nemu.

328 562 424 618 Virtus
442 561 563 617 materia
583 578 638 616 non
659 564 701 616 est
712 553 836 634 ‘qualitas
851 561 896 616 rel
919 560 1051 630 accidens,
1073 562 1121 617 sed
1143 561 1293 634 proprietas
1310 511 1361 563 P*

362 656 513 713 essentialis
536 656 702 726 substantiae,
724 660 783 711 tcta
805 656 949 712 actualiter
971 657 1001 711 in
1021 674 1071 713 stra
1093 658 1213 728 materia,
1232 661 1292 711 tota

361 752 547 825 potentialiter
557 757 634 807 extra
645 751 768 807 eamdem
783 751 823 823 (ιι.
835 752 885 823 60)
911 792 1285 809 ......................
1310 749 1362 804 146

329 848 380 903 Vis
391 848 481 903 activa
491 847 524 902 fit
535 852 598 902 actu
609 845 656 917 ibi,
669 846 716 901 ubi
728 845 856 921 recipitur
867 845 926 902 eius
938 851 1015 902 actus
1027 847 1066 919 (ιι.
1079 847 1128 919 61)
1155 887 1284 903 ........
1310 845 1363 899 148

287 930 288 935 ¹
328 946 416 998 Actus
427 942 533 999 essendi
544 942 655 997 virtutis
666 958 721 996 ιιοιι
733 948 774 997 est
785 941 939 997 ubicativua
952 942 991 1014 (ιι.
1004 943 1053 1013 62)
1086 983 1285 998 ............
1311 940 1364 994 150

328 1038 466 1095 Activitas
487 1036 692 1093 inexhauribilis
715 1054 770 1091 non
794 1036 884 1109 arguit
907 1036 965 1092 rim
989 1036 1132 1092 entitative
1155 1037 1292 1092 infinitam

365 1134 405 1206 (n
454 1135 467 1207 )
490 1172 1285 1190 ..............................................
1326 1132 1359 1185 ὦ.

329 1228 572 1284 Formadansesse
583 1226 704 1281 materia
719 1225 901 1297 estfinita(n.
914 1226 1020 1297 6465)
1051 1267 1285 1281 ..............
1311 1226 1362 1279 152

331 1323 506 1377 Illementum
522 1340 577 1375 ιιοιι
593 1322 674 1393 agit'
666 1339 696 1375 ιιι
710 1321 785 1375 aliud
801 1320 905 1375 distans
922 1320 1103 1376 mediantibus
1114 1321 1291 1390 intermediis,

365 1415 579 1472 sedimmediate
592 1414 631 1486 (ιι.
645 1416 693 1486 60)
700 1455 1285 1470 ..................................
1311 1415 1364 1468 154

330 1510 430 1563 Omnia
441 1509 574 1563 elementa
585 1508 709 1562 eamdem
720 1506 823 1563 habent
833 1507 1020 1579 passivitatem
1033 1507 1072 1579 (ιι.
1085 1507 1133 1579 67)
1157 1548 1286 1563 ........
1311 1508 1363 1561 158

329 1604 399 1659 Duae
410 1608 474 1657 sunt
485 1603 679 1657 elementorum
691 1601 792 1675 species
806 1605 844 1669 (n
857 1602 906 1672 68)
913 1642 1287 1658 ......................
1312 1602 1364 1656 160

296 1748 301 1758 ,
329 1697 412 1752 Actio
435 1700 531 1750 mutua
560 1696 675 1751 duorum
706 1696 902 1751 elementorum
933 1696 1139 1752 attractivorum
1166 1696 1292 1769 producit

364 1797 471 1847 motum
479 1791 672 1847 oscillatcrium
686 1791 725 1863 (ιι.
735 1791 836 1863 69-71)
843 1832 1287 1847 ..........................
1328 1793 1361 1848 it.

330 1885 486 1941 Ιιοιιιιιοῒιιε
494 1884 1192 1941 oscillstcriiduommelementorumattractivorum
1200 1902 1292 1957 aequa·

362 1980 433 2034 lium
444 1980 489 2034 vel
500 1979 676 2051 inaequalium
689 1980 728 2051 (n.
743 1979 791 2051 72)
807 2021 1286 2037 ............................
1311 1982 1364 2036 164

330 2073 413 2129 Actio
434 2074 562 2129 elementi
580 2074 717 2130 attractivi
736 2072 766 2129 in
784 2074 961 2148 repulsivum,
982 2079 1011 2129 et
1027 2074 1088 2130 vice
1102 2093 1186 2145 versat,
1199 2080 1228 2130 et
1246 2075 1293 2131 lex

365 2174 456 2223 motus
468 2170 624 2224 eorumdem
637 2170 677 2242 (ιι.
691 2169 734 2240 78,
747 2170 795 2242 74)
807 2212 1287 2227 ............................
1311 2171 1363 2226 171

330 2264 412 2319 Actio
433 2264 517 2318 trium
535 2264 730 2319 clementorum
746 2265 952 2321 attractivorum
972 2265 1119 2339 aequalium
1134 2266 1206 2321 linea
1220 2271 1296 2322 recta

365 2359 515 2432 positorum
533 2360 568 2414 ad
588 2360 722 2433 aequalem
737 2360 904 2429 distantiam,
920 2366 948 2415 et
963 2362 1009 2416 lex
1028 2366 1119 2417 motus
1137 2361 1294 2417 eorumdem

366 2453 405 2525 (n.
420 2455 463 2523 75,
476 2455 524 2525 76)
560 2496 1287 2512 ..........................................
1310 2457 1364 2513 173

329 2548 412 2603 Actio
428 2549 544 2603 duorum
560 2550 753 2605 elementrum
770 2551 968 2623 repulsivorum
983 2550 1013 2605 in
1024 2569 1110 2605 unum
1121 2551 1295 2607 attractivum

365 2643 634 2717 inmediopositum,
647 2646 733 2700 etlex
744 2650 836 2699 motus
850 2645 1005 2700 eorumdem
1019 2645 1058 2717 (ιι.
1072 2646 1114 2715 77,
1128 2646 1175 2717 78)
1193 2689 1287 2702 ......
1311 2647 1365 2701 174

330 2738 461 2794 Definitio
473 2740 614 2795 moleculae
629 2740 667 2812 (ιι.
682 2740 730 2812 79)
736 2780 1287 2797 ................................
1313 2742 1364 2797 175

328 2832 452 2888 Formale
474 2835 682 2890 constitutivum
694 2835 841 2891 molcculae
863 2839 906 2889 est
926 2834 1115 2890 determinatio
1135 2836 1170 2890 ad
1189 2840 1295 2891 motum

363 2928 557 2983 oscillatorium
577 2931 649 2985 circa
667 2930 778 2985 unicum
799 2934 923 2985 centrum
947 2930 1019 2984 intra
1039 2935 1168 3003 angustos
1192 2930 1294 2985 limites

362 3024 522 3078 naturaliter
532 3029 747 3096 perseverantem
761 3024 799 3095 (n
819 3024 919 3095 80-82)
944 3066 1284 3082 ....................
1308 3025 1361 3080 176

328 3113 449 3171 Solvitur
459 3116 604 3171 difficultas
614 3118 850 3191 peripateticorum
863 3118 902 3189 (n.
915 3118 1016 3189 88-85)
1046 3159 1282 3176 ..............
1307 3120 1358 3175 178

326 3208 462 3264 Molecula
473 3215 516 3264 est
526 3229 611 3265 unum
622 3229 670 3285 per
682 3229 710 3266 se
722 3213 845 3266 naturale
857 3213 896 3283 (n.
910 3212 953 3281 86,
967 3212 1016 3283 87)
1043 3247 1281 3270 ..............
1306 3214 1355 3268 181

325 3302 461 3359 Molecula
480 3304 584 3359 stabilis
602 3304 685 3361 habet
704 3307 839 3362 elementa
856 3307 991 3379 repulsira
1009 3306 1081 3362 circa
1099 3312 1230 3378 centrum,
1242 3309 1287 3363 vel

360 3400 431 3455 circa
441 3401 569 3456 nucleum
582 3402 621 3474 (ιι.
634 3402 735 3474 88-91)
765 3442 1280 3462 ..............................
1305 3404 1357 3458 188

325 3494 386 3550 Lex
409 3496 608 3551 oscillaticnum
631 3502 660 3551 et
683 3497 803 3552 conditio
822 3495 967 3569 equilibrii
987 3497 1089 3552 interni
1107 3498 1137 3552 in
1155 3498 1289 3553 mclecula

359 3592 512 3647 tetralredm
523 3596 644 3647 centrata
656 3590 695 3663 (ιι.
708 3592 751 3661 92,
763 3592 813 3663 93)
837 3632 1282 3647 ..........................
1307 3592 1358 3647 185

325 3686 547 3742 —inmolecula
559 3688 703 3742 octahedra
714 3692 836 3742 centrata
848 3686 887 3758 (ιι.
900 3687 944 3756 94,
956 3688 1005 3760 95)
1012 3728 1282 3743 ................
1308 3688 1358 3742 188

324 3780 545 3836 -inmolecula
555 3781 710 3837 hexahedra
721 3786 844 3835 centrata
856 3781 895 3853 (u
908 3782 951 3850 96,
964 3781 1012 3852 97)
1048 3822 1282 3837 ..............
1308 3783 1360 3835 190

325 3874 453 3929 Gonditio
465 3874 670 3947 expansivitatis
680 3874 711 3930 in
722 3874 863 3929 moloculis
876 3874 915 3946 (ιι.
928 3875 977 3945 98)
1013 3916 1282 3931 ................
1308 3876 1358 3929 192

256 3968 339 4024 οΑΡ.
357 3968 409 4044 HI.
446 3969 492 4022 Da
503 3984 762 4035 rncrnmrarmus
774 3984 947 4024 nonnosum.

325 4062 508 4134 Proprietates
519 4064 656 4135 generatae
668 4068 696 4118 et
707 4064 838 4138 speciales
849 4081 990 4137 corporum
1002 4063 1041 4135 (ιι.
1055 4062 1103 4136 99)
1117 4104 1282 4120 ..........
1307 4064 1358 4119 198

325 4156 571 4227 Impenetrabilitas
583 4157 685 4230 duplici
696 4176 776 4213 sensu
788 4158 906 4213 sumitur
918 4158 958 4229 (n.
973 4158 1038 4231 100)
1048 4198 1283 4214 ..............
1324 4160 1357 4213 a.

324 4249 531 4321 Impossibilitas
548 4256 625 4305 actus
640 4252 802 4324 penetrativi
815 4252 980 4308 transeuntis
991 4270 1046 4308 non
1058 4257 1101 4308 est
1111 4252 1165 4308 nisi
1175 4252 1291 4308 relativa

364 4344 403 4412 (n
418 4343 551 4415 101-103)
557 4386 1284 4406 ..........................................
1309 4348 1360 4403 104
