3200 4984
300 370 343 433 ⁷4
711 390 754 434 nr
770 391 955 437 rnruorrrrs
1244 372 1332 457 [oar.
1350 394 1408 441 111.

297 554 467 619 secuudum
475 581 485 635 3
507 578 582 641 ergo
598 555 709 621 animae
722 556 885 623 bmtorum
900 566 974 623 sunt
989 557 1097 622 saltem
1112 556 1301 637 accidentie3
1325 559 1408 627 nihil

296 668 380 733 enim
399 667 484 732 aliud
500 668 676 733 continetur
696 670 730 734 in
749 670 890 755 potentia
909 670 1077 749 existentis,
1099 668 1160 741 nisi
1182 669 1282 734 forma
1302 670 1407 755 aliqua

296 780 501 849 accidentalis.
547 781 629 859 Quis
642 803 714 847 vero
731 780 810 847 ratio
828 782 898 847 telis
920 780 1086 847 accidentis
1106 802 1170 847 uon
1187 788 1235 845 est
1251 781 1406 847 sufficiens

297 891 336 958 ad
355 893 607 959 constituendum
621 894 735 975 vivens,
752 895 898 973 sentiens,
920 902 1078 978 appetens,
1097 901 1155 957 etc.
1165 917 1175 971 ;
1203 892 1272 957 ideo
1295 914 1406 963 censeo

296 1004 471 1086 dicendum,
486 1005 621 1072 enimam
641 1006 805 1072 brutomm
827 1005 922 1071 creari
943 1004 1098 1070 aDeo‘iu
1119 1004 1257 1090 ipsorum
1276 1026 1405 1090 corpore

294 1125 328 1180 et
342 1138 408 1181 esse
422 1116 638 1199 substantiam,
652 1126 683 1181 et
697 1116 809 1182 babere
822 1117 972 1181 rstiouem
987 1116 1094 1181 forme
1107 1138 1170 1181 non
1186 1116 1313 1201 quidem
1329 1117 1404 1181 sub·

295 1226 449 1291 stantialis
463 1228 578 1308 stricte,
593 1228 648 1293 sed
661 1228 820 1307 naturalis,
834 1250 889 1313 per
903 1250 997 1314 quam
1012 1235 1154 1293 actuatur
1167 1228 1232 1293 vita
1246 1228 1406 1295 sensibilis

294 1339 328 1402 in
343 1360 467 1425 corpore
481 1340 636 1424 organico.
681 1340 722 1404 Ilt
737 1340 776 1404 ad
790 1347 1008 1427 argumentum
1024 1362 1117 1425 supra
1133 1338 1252 1405 factum
1271 1340 1305 1404 in
1327 1362 1402 1405 con-

294 1451 424 1515 trarium
444 1450 621 1536 responderi
639 1458 741 1535 potest
762 1450 856 1535 quod,
872 1450 992 1515 etiamsi
1017 1450 1119 1515 anima
1142 1448 1279 1516 belluina
1303 1460 1404 1517 cesset

294 1584 360 1629 esse
382 1561 416 1626 in
439 1571 538 1627 morte
560 1562 713 1642 animalis,
734 1562 793 1627 hoc
816 1569 921 1627 tamen
946 1560 1056 1627 accidit
1079 1584 1116 1626 ex
1146 1560 1269 1627 defectu
1299 1584 1405 1633 causae

293 1674 403 1753 finalis,
418 1696 482 1739 non
496 1696 533 1739 ex
547 1673 669 1739 defectu
683 1674 860 1740 intrinseco.
886 1673 969 1737 Nam
984 1673 1056 1757 quia
1071 1694 1163 1737 omne
1178 1673 1263 1758 quod
1278 1683 1404 1739 creatur

293 1786 393 1851 aDeo
414 1795 533 1851 creatur
552 1794 676 1872 propter
694 1786 788 1851 finem
809 1784 868 1851 sibi
887 1784 1166 1871 proportionatum,
1181 1786 1311 1851 cessatio
1325 1809 1401 1851 oon·

293 1898 446 1964 ditionum
457 1900 695 1965 necessariarum
705 1898 745 1964 ad
755 1899 849 1964 linem
859 1896 1024 1983 quemdam
1036 1896 1239 1964 obtinendum
1249 1906 1295 1963 est
1307 1898 1401 1979 ratio,

293 2020 526 2097 propterquam
541 2012 628 2077 Deus
643 2019 741 2076 cesset
755 2031 932 2075 conservare
947 2008 989 2089 id,
1004 2008 1088 2093 quod
1109 2008 1149 2073 ad
1171 2008 1265 2073 linem
1286 2009 1404 2095 dirige-v

291 2122 384 2187 batur
407 2122 466 2187 sub
488 2122 602 2187 talibus
626 2121 864 2187 conditionibus.
910 2120 1015 2197 Quum
1038 2128 1142 2185 autem
1156 2119 1229 2184 finis
1244 2121 1400 2187 naturalis

291 2233 402 2305 animae
418 2233 561 2299 belluime
579 2233 620 2298 sit
637 2234 803 2298 informare
828 2253 940 2316 corpus
953 2230 1156 2315 organicum3
1177 2230 1308 2297 sublatis
1323 2254 1398 2297 oon-

290 2346 459 2411 ditionibus
469 2345 728 2411 constituentibus
742 2366 853 2429 corpus
867 2341 1070 2420 informabile,
1079 2342 1147 2426 ipsa
1161 2342 1263 2413 anima
1273 2365 1400 2415 cessare

290 2458 392 2537 debet,
415 2480 456 2521 ne
478 2458 566 2522 Deus
594 2456 711 2542 aliquid
740 2455 807 2519 sine
834 2455 896 2519 fine
921 2452 1151 2538 proportionata
1177 2463 1336 2521 conservet
1362 2455 1397 2520 in

289 2570 417 2635 mundo.
465 2570 535 2634 Hoc
548 2577 651 2633 antem
666 2590 729 2632 non
743 2566 883 2651 impedit,
898 2564 1063 2651 quominus
1078 2564 1181 2630 anima
1194 2564 1249 2629 illa
1263 2566 1304 2630 sit
1320 2568 1397 2631 sub-

288 2682 412 2762 stantia,
432 2690 463 2746 et
487 2681 526 2745 de
550 2681 688 2765 potentia
710 2678 850 2743 absoluta
875 2676 971 2762 possit
985 2676 1167 2743 conservari
1190 2676 1284 2742 etiam
1308 2687 1395 2748 extra

287 2816 408 2877 corpus,
418 2792 490 2856 licet
504 2794 537 2855 in
552 2813 587 2855 eo
602 2800 686 2856 stetu
700 2789 842 2853 habitura
857 2796 936 2853 esset
951 2786 1096 2852 virtmem
1112 2808 1176 2853 uon
1191 2788 1393 2862 seducibilem

285 2903 326 2969 ad
347 2911 462 2981 actum,
483 2901 546 2967 fere
568 2901 646 2965 sicut
668 2900 854 2965 elementum
876 2900 1020 2977 materiae,
1043 2898 1069 2961 si
1092 2898 1192 2973 solum
1214 2900 1249 2963 in
1272 2902 1395 2977 mundo

285 3023 376 3095 esset,
396 3036 459 3079 non
483 3020 587 3098 posset
609 3022 732 3077 actuare
749 3011 893 3077 virtutem
914 3034 1001 3077 suam
1024 3011 1063 3075 ob
1088 3010 1243 3075 delectum
1265 3014 1394 3084 termini

284 3125 423 3192 distincti
443 3126 478 3188 in
499 3142 561 3210 quo
582 3124 766 3209 reciperetur
791 3132 899 3189 ectus:
931 3146 1026 3208 quare
1055 3123 1174 3189 amoma
1201 3126 1394 3209 Unumquod·

284 3261 340 3323 que
353 3239 440 3301 labet
453 3258 515 3300 csse
528 3237 605 3299 eiust
618 3244 649 3300 et
662 3237 778 3319 operari
792 3234 1029 3319 intelligendum
1043 3242 1090 3297 est
1106 3233 1144 3297 de
1165 3255 1232 3299 esse
1254 3236 1391 3301 naturali

283 3358 418 3427 tantum,
431 3370 495 3411 non
510 3369 581 3412 vero
596 3348 713 3412 deesse
728 3345 923 3411 substantiali
938 3344 1052 3410 stricte.
1091 3346 1167 3411 Haec
1182 3346 1335 3419 sufficiant
1350 3347 1393 3426 ,de

283 3462 386 3528 anima
399 3462 572 3540 brumum,
588 3461 626 3525 de
640 3483 701 3546 qua
715 3481 811 3546 pauca
825 3457 991 3522 admodum
1006 3464 1089 3521 certo
1104 3458 1356 3543 cognoscimus*.

326 3575 380 3637 63.
403 3574 460 3636 Vis
479 3572 649 3657 vegetativa
673 3571 806 3657 pertinet
831 3591 897 3633 non
920 3568 1019 3633 solum
1045 3568 1085 3632 ad
1106 3568 1256 3653 vegetalia
1282 3570 1391 3636 stricte

282 3694 417 3770 sumpta,
432 3684 486 3749 sed
502 3685 594 3749 etiam
612 3684 652 3748 ad
662 3682 826 3747 bominem
846 3688 876 3743 et
896 3677 1033 3743 brutum.
1078 3678 1159 3743 Puto
1175 3692 1279 3745 autem
1295 3705 1389 3767 vege·

278 3798 428 3864 tationem
447 3795 575 3860 univoce
595 3792 775 3858 sumendam
795 3811 861 3853 esse
883 3789 915 3851 in
930 3788 1066 3867 homine,
1080 3788 1114 3851 in
1129 3789 1233 3871 bruto,
1246 3792 1281 3854 in
1296 3792 1389 3859 arbo-

279 3909 375 3975 ribus.
421 3908 503 3986 Quia
520 3928 590 3970 vero
608 3902 760 3989 vegetatio
778 3902 815 3963 fit
835 3922 888 3984 per
906 3908 1025 3963 motum
1045 3899 1184 3981 localem,
1201 3924 1264 3987 quo
1282 3914 1389 3988 partes

280 4019 496 4085 alimentativae
513 4016 693 4081 deferuntur
708 4033 888 4098 percorpus
903 4010 1093 4094 organicum,
1109 4020 1141 4077 et
1156 4035 1213 4097 pro
1228 4016 1390 4081 affinitati.

280 4127 339 4192 bus
353 4151 429 4214 quas
443 4126 557 4190 habeut
572 4148 643 4190 cum
657 4123 791 4209 organis,
805 4145 823 4186 a
838 4121 952 4206 quibus
966 4122 1160 4207 digeruntur,
1176 4134 1231 4190 aut
1246 4149 1302 4211 per
1317 4151 1388 4213 quee

278 4240 467 4317 discurrunt,
496 4236 698 4302 diversimode
726 4234 944 4319 disgregeutur
973 4242 1027 4297 eut
1063 4234 1292 4320 combinantur,
1330 4250 1386 4305 aut

413 4391 428 4419 a
446 4386 518 4441 Vide
530 4384 735 4455 Bapmaephilos.
742 4382 867 4453 sermm.
880 4382 922 4436 lib.
936 4381 964 4437 ii.
977 4401 997 4436 c.
1011 4381 1035 4437 2.
1048 4401 1073 4438 u.
1090 4382 1130 4439 15.
1143 4390 1168 4439 et
1179 4404 1229 4457 seq.
