3200 4984
202 392 272 439 exe.
290 370 332 459 a]
531 393 574 435 os
590 392 794 437 sussrxunrs
812 390 997 435 consonus.
1243 370 1307 433 115

201 561 384 644 positionem
408 562 540 625 auctoris
561 582 618 625 nec
640 560 865 640 mathematice,
890 582 947 625 nec
972 556 1178 644 metaphysice
1202 580 1305 621 veram

201 693 267 736 esse
290 671 392 756 quoad
415 673 621 750 extersionem,
640 672 678 736 de
700 694 761 757 qna
786 671 886 735 solum
908 670 1111 755 disputamus,
1131 668 1186 733 sed
1207 668 1305 733 valera

202 789 323 852 tantum
349 804 405 867 pro
428 782 601 868 quantitate
626 782 779 847 intensiva
804 782 930 869 physice
959 781 1158 859 considerata,
1188 789 1220 843 et
1248 800 1305 863 pro

201 894 373 979 quantitate
387 893 607 974 multitudinis,
623 893 663 957 de
676 916 739 978 qua
752 893 839 957 nulla
854 902 900 957 est
916 893 1053 977 quaestio.

244 1007 298 1069 30.
324 1005 385 1069 Sed
404 1005 464 1069 iam
480 1005 637 1069 veniamus
654 1004 694 1069 ad
716 1005 886 1070 secundum
906 1003 1122 1069 inconveniens
1143 1004 1304 1068 abeodem

204 1124 331 1182 auctore
344 1116 507 1181 obiectum.

203 1277 205 1280 -
245 1228 308 1304 uui
332 1228 420 1313 ponit
443 1228 594 1293 elementa
623 1227 783 1311 simplicia,
807 1228 919 1313 inquit,
942 1229 1107 1293 realitatem
1130 1229 1306 1293 extensionis

173 1398 178 1403 ,
200 1340 333 1404 destruit.
369 1338 461 1403 -Nam
484 1338 599 1404 derivat
617 1338 826 1403 extensionem
848 1362 884 1403 ex
905 1338 1104 1424 simplicibus,
1119 1346 1151 1404 et
1168 1337 1306 1403 indivisi-

200 1451 324 1531 bilibus,
340 1451 459 1516 actione
480 1460 512 1517 et
534 1452 642 1516 ordine
662 1460 772 1516 mutuo
795 1451 925 1518 donatis.
972 1450 1070 1537 Atqui
1083 1472 1120 1517 ex
1133 1451 1183 1516 his
1198 1451 1305 1536 nequit

200 1562 265 1626 lieri
294 1563 430 1627 extensio
458 1562 558 1627 realis.
602 1563 695 1647 Ergo.
742 1563 845 1628 Maior
874 1570 967 1648 patet.
1014 1563 1120 1628 Minor
1148 1563 1304 1648 probatur.

202 1672 294 1752 Nam,
311 1672 337 1738 si
359 1696 395 1738 ex
418 1673 608 1759 simplicibus
633 1674 791 1753 ordinatis,
807 1685 838 1739 et
863 1674 991 1740 invicem
1015 1675 1188 1759 agentibus,
1209 1674 1306 1739 oritur

200 1782 336 1849 extensio
349 1784 449 1864 realis,
463 1785 576 1870 poterit
591 1808 628 1850 ex
643 1785 802 1869 spiritibus
818 1810 850 1851 se
870 1786 966 1852 libere
985 1787 1208 1867 ordinantibus,
1223 1795 1255 1851 et
1273 1788 1306 1851 iu

201 1894 330 1960 invicem
356 1896 529 1981 agentibus,
552 1897 701 1962 constitui
729 1921 831 1963 massa
859 1899 999 1984 quedam
1028 1898 1149 1965 realiter
1172 1907 1305 1976 extensa,

200 2028 231 2073 v.
246 2029 294 2091 gr.
330 2009 491 2073 cucurbita.
545 2008 607 2072 Sed
635 2008 693 2073 hoc
720 2008 878 2073 euidenter
907 2018 954 2074 est
983 2008 1160 2076 absurdum.
1212 2010 1306 2093 Ergo.

202 2119 307 2186 Maior
328 2119 422 2184 huius
447 2119 620 2205 syllogismi
645 2120 804 2205 probatur.
848 2120 932 2185 Nam
958 2120 1006 2184 hae
1032 2120 1172 2185 notiones
1190 2120 1307 2204 simpli.-

200 2230 313 2310 citatis,
329 2230 455 2310 ordinis,
469 2239 501 2295 et
515 2231 655 2310 actionis,
666 2231 891 2296 transcendunt
905 2230 1120 2297 attributiones
1135 2254 1306 2317 corporum,

201 2349 233 2404 et
258 2338 334 2425 ipsis
355 2340 517 2425 spiritibus
543 2341 739 2407 conveniunt.
786 2342 820 2405 Si
846 2363 917 2425 ergo
940 2341 1006 2407 haec
1027 2342 1086 2407 tris
1108 2342 1183 2407 dant
1204 2350 1307 2406 exten·

200 2452 320 2517 sionem
334 2451 456 2531 realem,
471 2452 563 2516 etiam
578 2475 615 2517 ex
630 2452 788 2537 spiritibus
802 2452 928 2518 conflari
942 2461 1044 2537 potest
1058 2453 1195 2517 extensio
1208 2452 1307 2518 realis.

246 2564 429 2649 Respondco
454 2586 484 2629 n.
500 2572 562 2627 cot.
589 2563 630 2628 ad
652 2564 718 2628 eius
738 2563 950 2648 probationem
968 2565 1036 2628 diet.
1056 2566 1137 2629 Mai.
1182 2564 1308 2629 Delirat

201 2675 410 2739 extensionem
425 2696 462 2738 ex
477 2674 667 2759 simplicibus
682 2674 867 2740 habentibus
882 2677 933 2741 ubi
947 2675 1051 2741 stricte
1069 2683 1238 2761 sumptum,
1254 2698 1308 2739 seu

201 2784 507 2871 circumscriptivum,
525 2786 644 2851 ratione
666 2786 801 2851 materiae
821 2810 846 2851 c.
868 2788 916 2851 M.
936 2808 973 2851 ex
994 2786 1183 2872 simplicibus
1205 2808 1310 2851 caren-

201 2897 286 2962 tibus
300 2897 437 2975 materia,
453 2918 509 2961 seu
524 2896 747 2981 spiritualibus,
762 2907 793 2962 et
808 2907 1031 2983 consequenter
1044 2920 1108 2963 nou
1123 2898 1308 2965 habentibus

202 3010 254 3073 sbi
267 3006 562 3092 circumscriptisum
576 3030 608 3074 n.
625 3008 706 3071 Mai.
722 3016 753 3071 et
768 3010 1010 3073 contradictione
1025 2996 1135 3077 minore
1148 3032 1212 3093 acy.
1228 3033 1307 3081 com,

203 3120 245 3187 Et
262 3140 318 3204 per
333 3118 392 3183 hoc
412 3126 508 3203 patet,
523 3118 600 3202 quid
617 3118 867 3203 respondendum
885 3120 925 3183 sit
943 3131 1126 3203 argumento
1142 3120 1180 3185 de
1195 3122 1308 3206 spiriti·

204 3230 265 3301 bus
279 3229 481 3299 efficientibus
495 3229 698 3295 cucurbitam.

250 3340 326 3405 Haec
334 3340 490 3425 responsio
499 3347 546 3405 est
557 3340 677 3407 claruet
688 3340 814 3405 omnino
823 3342 976 3407 sufficiens
984 3370 994 3422 ;
1009 3342 1185 3409 notabimus
1194 3353 1307 3425 tamen,

205 3474 270 3516 non
293 3474 358 3516 esse
380 3471 497 3529 verum,
523 3450 646 3536 proprie
667 3449 833 3536 loquendo,
857 3454 942 3537 quod
963 3454 1019 3539 qui
1042 3456 1130 3540 ponit
1159 3456 1310 3521 elementa

205 3562 358 3648 simplicia
382 3571 511 3645 cogatur
532 3564 665 3627 duim
689 3563 896 3629 extensionem
919 3564 1031 3631 realem
1053 3588 1091 3631 ex
1108 3566 1308 3652 simplicibus.

205 3676 279 3738 Non
294 3674 377 3738 enim
391 3674 522 3739 dicimus
543 3673 607 3739 duo
625 3682 741 3759 puncta
758 3674 895 3741 materiae
912 3675 1108 3741 indivisibilia
1124 3700 1190 3743 esse
1207 3687 1310 3744 totum

206 3785 249 3865 id,
264 3785 347 3871 qnod
366 3784 528 3851 constituit
548 3784 701 3851 distantia
712 3786 926 3853 extensionem
934 3812 944 3865 ;
969 3786 1022 3851 sed
1043 3788 1173 3853 dicimus
1193 3812 1229 3853 ea
1243 3812 1309 3855 esse

204 3898 346 3961 terminos
359 3894 514 3959 distantiae
536 3896 685 3976 relativos,
709 3919 808 3981 quum
833 3898 978 3963 distantia
1001 3898 1094 3963 realis¹
1110 3922 1173 3965 nou
1196 3902 1309 3965 consti·

207 4016 324 4086 matur,
339 4026 396 4071 nec
410 4005 564 4072 derivetur
577 4030 615 4073 ex
628 4008 752 4093 punctis
767 4009 912 4089 materiae,
928 4008 982 4075 sed
996 4010 1221 4077 terminaturus
1236 4012 1308 4079 illis.

208 4119 302 4197 Hinc,
318 4117 344 4181 si
365 4117 428 4182 dno
447 4117 549 4203 augeli
565 4127 692 4203 possent
711 4119 766 4183 tali
783 4119 875 4185 modo
895 4144 927 4185 se
946 4122 1130 4187 constituere
1147 4122 1180 4187 in
1200 4127 1308 4209 spatio,

208 4240 244 4294 ut
266 4228 504 4293 determinarent
526 4228 652 4315 physice
674 4230 736 4294 duo
758 4239 874 4315 puncta
894 4231 1098 4311 indivisibilia,
1114 4235 1308 4301 exusserint

203 4342 332 4420 ‚natione
351 4339 463 4403 horum
482 4339 614 4405 duorum
631 4348 820 4425 punctorum
836 4343 995 4413 resultaret
1010 4344 1165 4425 distantia,
1180 4346 1219 4411 ob
1234 4348 1312 4417 relo-

1088 4457 1137 4533 12
