<?xml version="1.0" encoding="UTF-8"?>
<!DOCTYPE html PUBLIC "-//W3C//DTD XHTML 1.0 Transitional//EN"
    "http://www.w3.org/TR/xhtml1/DTD/xhtml1-transitional.dtd">
<html xmlns="http://www.w3.org/1999/xhtml" xml:lang="en" lang="en">
 <head>
  <title>
</title>
<meta http-equiv="Content-Type" content="text/html;charset=utf-8" />
  <meta name='ocr-system' content='tesseract 3.04.00' />
  <meta name='ocr-capabilities' content='ocr_page ocr_carea ocr_par ocr_line ocrx_word'/>
</head>
<body>
  <div class='ocr_page' id='page_1' title='image "./realisphilosoph00baymgoog_0055.png"; bbox 0 0 3200 4984; ppageno 0'>
   <div class='ocr_carea' id='block_1_1' title="bbox 212 380 1314 466">
    <p class='ocr_par' dir='ltr' id='par_1_1' title="bbox 212 380 1314 466">
     <span class='ocr_line' id='line_1_1' title="bbox 212 380 1314 466; baseline -0.001 -23"><span class='ocrx_word' id='word_1_1' title='bbox 212 400 284 443; x_wconf 74' lang='lat' dir='ltr'>osa.</span> <span class='ocrx_word' id='word_1_2' title='bbox 302 381 371 466; x_wconf 60' lang='grc' dir='ltr'>ιιι]</span> <span class='ocrx_word' id='word_1_3' title='bbox 575 401 693 447; x_wconf 80' lang='lat' dir='ltr'>sunau</span> <span class='ocrx_word' id='word_1_4' title='bbox 711 399 948 444; x_wconf 74' lang='lat' dir='ltr'>uanunsurnu.</span> <span class='ocrx_word' id='word_1_5' title='bbox 1271 380 1314 443; x_wconf 82' lang='lat'>37</span> 
     </span>
    </p>
   </div>
   <div class='ocr_carea' id='block_1_2' title="bbox 165 564 1314 1990">
    <p class='ocr_par' dir='ltr' id='par_1_2' title="bbox 209 564 1314 986">
     <span class='ocr_line' id='line_1_2' title="bbox 210 564 1314 652; baseline -0.001 -22"><span class='ocrx_word' id='word_1_6' title='bbox 210 565 368 631; x_wconf 81' lang='lat' dir='ltr'><strong>materiam</strong></span> <span class='ocrx_word' id='word_1_7' title='bbox 387 589 453 632; x_wconf 87' lang='lat' dir='ltr'>esse</span> <span class='ocrx_word' id='word_1_8' title='bbox 470 565 694 632; x_wconf 82' lang='lat' dir='ltr'>indifferentem</span> <span class='ocrx_word' id='word_1_9' title='bbox 714 567 753 631; x_wconf 88' lang='lat' dir='ltr'>ad</span> <span class='ocrx_word' id='word_1_10' title='bbox 771 564 923 652; x_wconf 89' lang='lat' dir='ltr'>quaslibet</span> <span class='ocrx_word' id='word_1_11' title='bbox 942 564 1066 643; x_wconf 79' lang='lat' dir='ltr'>formas,</span> <span class='ocrx_word' id='word_1_12' title='bbox 1083 572 1114 629; x_wconf 92' lang='lat' dir='ltr'>et</span> <span class='ocrx_word' id='word_1_13' title='bbox 1134 586 1200 628; x_wconf 88' lang='lat' dir='ltr'>esse</span> <span class='ocrx_word' id='word_1_14' title='bbox 1214 569 1314 629; x_wconf 71' lang='lat' dir='ltr'>vehsa·</span> 
     </span>
     <span class='ocr_line' id='line_1_3' title="bbox 210 676 1313 762; baseline 0 -22"><span class='ocrx_word' id='word_1_15' title='bbox 210 676 295 741; x_wconf 88' lang='lat' dir='ltr'>tilem</span> <span class='ocrx_word' id='word_1_16' title='bbox 325 677 358 741; x_wconf 91' lang='lat' dir='ltr'>in</span> <span class='ocrx_word' id='word_1_17' title='bbox 389 676 547 762; x_wconf 85' lang='lat' dir='ltr'><strong>quodlibet</strong></span> <span class='ocrx_word' id='word_1_18' title='bbox 575 701 678 742; x_wconf 89' lang='lat' dir='ltr'>rerum</span> <span class='ocrx_word' id='word_1_19' title='bbox 709 701 817 762; x_wconf 83' lang='lat' dir='ltr'>genus.</span> <span class='ocrx_word' id='word_1_20' title='bbox 879 677 962 740; x_wconf 88' lang='lat' dir='ltr'>Hinc</span> <span class='ocrx_word' id='word_1_21' title='bbox 990 676 1085 740; x_wconf 91' lang='lat' dir='ltr'>etiam</span> <span class='ocrx_word' id='word_1_22' title='bbox 1112 677 1209 741; x_wconf 88' lang='lat' dir='ltr'>coacti</span> <span class='ocrx_word' id='word_1_23' title='bbox 1232 684 1313 741; x_wconf 89' lang='lat' dir='ltr'>sunt</span> 
     </span>
     <span class='ocr_line' id='line_1_4' title="bbox 209 789 1312 873; baseline 0.001 -21"><span class='ocrx_word' id='word_1_24' title='bbox 209 789 366 852; x_wconf 86' lang='lat' dir='ltr'>materiam</span> <span class='ocrx_word' id='word_1_25' title='bbox 376 789 572 854; x_wconf 86' lang='lat' dir='ltr'>sublunarem</span> <span class='ocrx_word' id='word_1_26' title='bbox 582 813 600 854; x_wconf 90' lang='lat' dir='ltr'>a</span> <span class='ocrx_word' id='word_1_27' title='bbox 611 789 729 854; x_wconf 89' lang='lat' dir='ltr'>coelesti</span> <span class='ocrx_word' id='word_1_28' title='bbox 740 789 939 873; x_wconf 82' lang='lat' dir='ltr'>distinguere,</span> <span class='ocrx_word' id='word_1_29' title='bbox 951 810 1049 872; x_wconf 90' lang='lat' dir='ltr'>quum</span> <span class='ocrx_word' id='word_1_30' title='bbox 1057 810 1152 853; x_wconf 92' lang='lat' dir='ltr'>unam</span> <span class='ocrx_word' id='word_1_31' title='bbox 1161 791 1312 873; x_wconf 88' lang='lat' dir='ltr'>corrupti-</span> 
     </span>
     <span class='ocr_line' id='line_1_5' title="bbox 211 898 931 986; baseline 0 -23"><span class='ocrx_word' id='word_1_32' title='bbox 211 898 314 981; x_wconf 87' lang='lat' dir='ltr'>bilem,</span> <span class='ocrx_word' id='word_1_33' title='bbox 330 899 421 964; x_wconf 87' lang='lat' dir='ltr'>aliam</span> <span class='ocrx_word' id='word_1_34' title='bbox 436 901 700 986; x_wconf 82' lang='lat' dir='ltr'>incorruptibilem</span> <span class='ocrx_word' id='word_1_35' title='bbox 714 900 931 964; x_wconf 80' lang='lat' dir='ltr'>existimarent.</span> 
     </span>
    </p>

    <p class='ocr_par' dir='ltr' id='par_1_3' title="bbox 165 1011 1314 1990">
     <span class='ocr_line' id='line_1_6' title="bbox 165 1011 1313 1097; baseline -0.002 -19"><span class='ocrx_word' id='word_1_36' title='bbox 165 1072 168 1078; x_wconf 93' lang='lat'>.</span> <span class='ocrx_word' id='word_1_37' title='bbox 255 1011 317 1076; x_wconf 83' lang='lat' dir='ltr'>Sed</span> <span class='ocrx_word' id='word_1_38' title='bbox 348 1011 451 1076; x_wconf 90' lang='lat' dir='ltr'>omnia</span> <span class='ocrx_word' id='word_1_39' title='bbox 484 1012 559 1091; x_wconf 79' lang='lat' dir='ltr'>haec,</span> <span class='ocrx_word' id='word_1_40' title='bbox 590 1034 658 1097; x_wconf 81' lang='lat' dir='ltr'>quae</span> <span class='ocrx_word' id='word_1_41' title='bbox 687 1011 746 1097; x_wconf 92' lang='lat' dir='ltr'>ipsi</span> <span class='ocrx_word' id='word_1_42' title='bbox 775 1011 1024 1096; x_wconf 82' lang='lat' dir='ltr'>excogitavenant</span> <span class='ocrx_word' id='word_1_43' title='bbox 1052 1011 1092 1076; x_wconf 87' lang='lat' dir='ltr'>ad</span> <span class='ocrx_word' id='word_1_44' title='bbox 1120 1011 1313 1097; x_wconf 85' lang='lat' dir='ltr'>explicandas</span> 
     </span>
     <span class='ocr_line' id='line_1_7' title="bbox 211 1122 1314 1208; baseline 0.005 -24"><span class='ocrx_word' id='word_1_45' title='bbox 211 1122 423 1206; x_wconf 80' lang='lat' dir='ltr'>generationes</span> <span class='ocrx_word' id='word_1_46' title='bbox 442 1132 473 1188; x_wconf 90' lang='lat' dir='ltr'>et</span> <span class='ocrx_word' id='word_1_47' title='bbox 490 1123 701 1208; x_wconf 84' lang='lat' dir='ltr'>corruptiones</span> <span class='ocrx_word' id='word_1_48' title='bbox 719 1145 832 1203; x_wconf 85' lang='lat' dir='ltr'>rerum,</span> <span class='ocrx_word' id='word_1_49' title='bbox 850 1132 918 1188; x_wconf 87' lang='lat' dir='ltr'>orta</span> <span class='ocrx_word' id='word_1_50' title='bbox 937 1132 1021 1202; x_wconf 89' lang='lat' dir='ltr'>sunt,</span> <span class='ocrx_word' id='word_1_51' title='bbox 1037 1123 1163 1203; x_wconf 72' lang='lat' dir='ltr'>utelixi,</span> <span class='ocrx_word' id='word_1_52' title='bbox 1182 1147 1219 1189; x_wconf 86' lang='lat' dir='ltr'>ex</span> <span class='ocrx_word' id='word_1_53' title='bbox 1236 1124 1314 1189; x_wconf 79' lang='lat' dir='ltr'>falso</span> 
     </span>
     <span class='ocr_line' id='line_1_8' title="bbox 209 1233 1313 1321; baseline 0.004 -25"><span class='ocrx_word' id='word_1_54' title='bbox 209 1241 341 1318; x_wconf 87' lang='lat' dir='ltr'>quatuor</span> <span class='ocrx_word' id='word_1_55' title='bbox 373 1233 595 1298; x_wconf 88' lang='lat' dir='ltr'>elementorum</span> <span class='ocrx_word' id='word_1_56' title='bbox 628 1234 848 1320; x_wconf 86' lang='lat' dir='ltr'>suppositione,</span> <span class='ocrx_word' id='word_1_57' title='bbox 881 1257 951 1321; x_wconf 85' lang='lat' dir='ltr'>quae</span> <span class='ocrx_word' id='word_1_58' title='bbox 986 1235 1085 1299; x_wconf 89' lang='lat' dir='ltr'>multa</span> <span class='ocrx_word' id='word_1_59' title='bbox 1115 1235 1176 1300; x_wconf 88' lang='lat' dir='ltr'>alia</span> <span class='ocrx_word' id='word_1_60' title='bbox 1206 1235 1313 1301; x_wconf 90' lang='lat' dir='ltr'>incon-</span> 
     </span>
     <span class='ocr_line' id='line_1_9' title="bbox 210 1345 1311 1432; baseline 0.003 -24"><span class='ocrx_word' id='word_1_61' title='bbox 210 1345 361 1410; x_wconf 87' lang='lat' dir='ltr'>venientia</span> <span class='ocrx_word' id='word_1_62' title='bbox 390 1345 423 1408; x_wconf 93' lang='lat' dir='ltr'>in</span> <span class='ocrx_word' id='word_1_63' title='bbox 452 1345 610 1432; x_wconf 89' lang='lat' dir='ltr'>physicam</span> <span class='ocrx_word' id='word_1_64' title='bbox 639 1346 906 1432; x_wconf 81' lang='lat' dir='ltr'>peripateticorum</span> <span class='ocrx_word' id='word_1_65' title='bbox 934 1346 1060 1412; x_wconf 83' lang='lat' dir='ltr'>invexit.</span> <span class='ocrx_word' id='word_1_66' title='bbox 1112 1346 1179 1411; x_wconf 91' lang='lat' dir='ltr'>Nos</span> <span class='ocrx_word' id='word_1_67' title='bbox 1207 1358 1311 1413; x_wconf 88' lang='lat' dir='ltr'>autem</span> 
     </span>
     <span class='ocr_line' id='line_1_10' title="bbox 209 1456 1312 1544; baseline 0.003 -24"><span class='ocrx_word' id='word_1_68' title='bbox 209 1456 307 1541; x_wconf 88' lang='lat' dir='ltr'>capite</span> <span class='ocrx_word' id='word_1_69' title='bbox 333 1457 473 1543; x_wconf 88' lang='lat' dir='ltr'>sequenti</span> <span class='ocrx_word' id='word_1_70' title='bbox 495 1456 677 1538; x_wconf 86' lang='lat' dir='ltr'>videbimus,</span> <span class='ocrx_word' id='word_1_71' title='bbox 703 1458 855 1544; x_wconf 89' lang='lat' dir='ltr'>quidquid</span> <span class='ocrx_word' id='word_1_72' title='bbox 876 1458 936 1543; x_wconf 91' lang='lat' dir='ltr'>ipsi</span> <span class='ocrx_word' id='word_1_73' title='bbox 958 1458 996 1522; x_wconf 91' lang='lat' dir='ltr'>de</span> <span class='ocrx_word' id='word_1_74' title='bbox 1017 1458 1145 1523; x_wconf 86' lang='lat' dir='ltr'>materia</span> <span class='ocrx_word' id='word_1_75' title='bbox 1171 1457 1312 1523; x_wconf 86' lang='lat' dir='ltr'>dixerunt</span> 
     </span>
     <span class='ocr_line' id='line_1_11' title="bbox 210 1568 1312 1655; baseline 0.003 -23"><span class='ocrx_word' id='word_1_76' title='bbox 210 1568 303 1632; x_wconf 87' lang='lat' dir='ltr'>relate</span> <span class='ocrx_word' id='word_1_77' title='bbox 320 1569 361 1633; x_wconf 87' lang='lat' dir='ltr'>ad</span> <span class='ocrx_word' id='word_1_78' title='bbox 377 1570 581 1634; x_wconf 82' lang='lat' dir='ltr'>mutationem</span> <span class='ocrx_word' id='word_1_79' title='bbox 598 1570 705 1635; x_wconf 83' lang='lat' dir='ltr'>formae</span> <span class='ocrx_word' id='word_1_80' title='bbox 723 1569 942 1649; x_wconf 78' lang='lat' dir='ltr'>substantialis,</span> <span class='ocrx_word' id='word_1_81' title='bbox 961 1569 1171 1655; x_wconf 88' lang='lat' dir='ltr'>accipiendum</span> <span class='ocrx_word' id='word_1_82' title='bbox 1191 1593 1256 1635; x_wconf 87' lang='lat' dir='ltr'>esse</span> <span class='ocrx_word' id='word_1_83' title='bbox 1276 1579 1312 1635; x_wconf 92' lang='lat' dir='ltr'>ut</span> 
     </span>
     <span class='ocr_line' id='line_1_12' title="bbox 209 1680 1312 1747; baseline 0 -1"><span class='ocrx_word' id='word_1_84' title='bbox 209 1680 393 1746; x_wconf 85' lang='lat' dir='ltr'>conveniens</span> <span class='ocrx_word' id='word_1_85' title='bbox 407 1681 542 1746; x_wconf 88' lang='lat' dir='ltr'>materiae</span> <span class='ocrx_word' id='word_1_86' title='bbox 556 1682 694 1747; x_wconf 80' lang='lat' dir='ltr'>formatae</span> <span class='ocrx_word' id='word_1_87' title='bbox 707 1683 741 1746; x_wconf 92' lang='lat' dir='ltr'>in</span> <span class='ocrx_word' id='word_1_88' title='bbox 756 1681 863 1746; x_wconf 88' lang='lat' dir='ltr'>ordine</span> <span class='ocrx_word' id='word_1_89' title='bbox 877 1681 917 1746; x_wconf 85' lang='lat' dir='ltr'>ad</span> <span class='ocrx_word' id='word_1_90' title='bbox 931 1682 1044 1746; x_wconf 82' lang='lat' dir='ltr'>formas</span> <span class='ocrx_word' id='word_1_91' title='bbox 1058 1681 1258 1747; x_wconf 84' lang='lat' dir='ltr'>occidentales</span> <span class='ocrx_word' id='word_1_92' title='bbox 1275 1705 1312 1746; x_wconf 85' lang='lat' dir='ltr'>ex</span> 
     </span>
     <span class='ocr_line' id='line_1_13' title="bbox 208 1791 1312 1879; baseline 0.002 -23"><span class='ocrx_word' id='word_1_93' title='bbox 208 1815 245 1856; x_wconf 91' lang='lat' dir='ltr'>ea</span> <span class='ocrx_word' id='word_1_94' title='bbox 262 1791 438 1872; x_wconf 87' lang='lat' dir='ltr'>educibiles,</span> <span class='ocrx_word' id='word_1_95' title='bbox 454 1793 530 1878; x_wconf 91' lang='lat' dir='ltr'>quin</span> <span class='ocrx_word' id='word_1_96' title='bbox 550 1793 650 1858; x_wconf 84' lang='lat' dir='ltr'>forma</span> <span class='ocrx_word' id='word_1_97' title='bbox 667 1793 744 1858; x_wconf 91' lang='lat' dir='ltr'>dans</span> <span class='ocrx_word' id='word_1_98' title='bbox 762 1816 828 1858; x_wconf 86' lang='lat' dir='ltr'>esse</span> <span class='ocrx_word' id='word_1_99' title='bbox 844 1793 979 1879; x_wconf 89' lang='lat' dir='ltr'>primum</span> <span class='ocrx_word' id='word_1_100' title='bbox 1002 1793 1067 1858; x_wconf 89' lang='lat' dir='ltr'>ullo</span> <span class='ocrx_word' id='word_1_101' title='bbox 1089 1793 1180 1858; x_wconf 88' lang='lat' dir='ltr'>modo</span> <span class='ocrx_word' id='word_1_102' title='bbox 1199 1793 1312 1858; x_wconf 87' lang='lat' dir='ltr'>mutari</span> 
     </span>
     <span class='ocr_line' id='line_1_14' title="bbox 209 1902 589 1990; baseline 0.003 -22"><span class='ocrx_word' id='word_1_103' title='bbox 209 1913 263 1968; x_wconf 88' lang='lat' dir='ltr'>aut</span> <span class='ocrx_word' id='word_1_104' title='bbox 277 1902 395 1984; x_wconf 88' lang='lat' dir='ltr'>debeat,</span> <span class='ocrx_word' id='word_1_105' title='bbox 412 1913 466 1969; x_wconf 88' lang='lat' dir='ltr'>aut</span> <span class='ocrx_word' id='word_1_106' title='bbox 481 1904 589 1990; x_wconf 88' lang='lat' dir='ltr'>possit.</span> 
     </span>
    </p>
   </div>
   <div class='ocr_carea' id='block_1_3' title="bbox 647 2336 874 2402">
    <p class='ocr_par' dir='ltr' id='par_1_4' title="bbox 647 2336 874 2402">
     <span class='ocr_line' id='line_1_15' title="bbox 647 2336 874 2402; baseline -0.013 -1"><span class='ocrx_word' id='word_1_107' title='bbox 647 2336 786 2402; x_wconf 80' lang='lat' dir='ltr'><strong>CAPUT</strong></span> <span class='ocrx_word' id='word_1_108' title='bbox 810 2336 874 2400; x_wconf 89' lang='lat' dir='ltr'>Ill.</span> 
     </span>
    </p>
   </div>
   <div class='ocr_carea' id='block_1_4' title="bbox 259 2500 1261 2654">
    <p class='ocr_par' dir='ltr' id='par_1_5' title="bbox 259 2500 1261 2654">
     <span class='ocr_line' id='line_1_16' title="bbox 259 2500 1261 2558; baseline -0.001 -1"><span class='ocrx_word' id='word_1_109' title='bbox 259 2503 311 2558; x_wconf 85' lang='lat' dir='ltr'>DE</span> <span class='ocrx_word' id='word_1_110' title='bbox 329 2502 607 2558; x_wconf 83' lang='lat' dir='ltr'><strong>GENERATIONE</strong></span> <span class='ocrx_word' id='word_1_111' title='bbox 625 2502 828 2558; x_wconf 79' lang='lat' dir='ltr'>COMPOSITI</span> <span class='ocrx_word' id='word_1_112' title='bbox 845 2500 1004 2556; x_wconf 85' lang='lat' dir='ltr'>PHYSIOI</span> <span class='ocrx_word' id='word_1_113' title='bbox 1022 2500 1072 2555; x_wconf 85' lang='lat' dir='ltr'>UT</span> <span class='ocrx_word' id='word_1_114' title='bbox 1091 2502 1118 2554; x_wconf 88' lang='lat' dir='ltr'><strong>A</strong></span> <span class='ocrx_word' id='word_1_115' title='bbox 1136 2501 1261 2556; x_wconf 75' lang='lat' dir='ltr'><strong>DIOI&#39;IS</strong></span> 
     </span>
     <span class='ocr_line' id='line_1_17' title="bbox 564 2595 951 2654; baseline -0.003 -2"><span class='ocrx_word' id='word_1_116' title='bbox 564 2597 774 2654; x_wconf 79' lang='lat' dir='ltr'>PRINCIPIIS</span> <span class='ocrx_word' id='word_1_117' title='bbox 792 2595 951 2652; x_wconf 79' lang='lat' dir='ltr'><strong>PENDET.</strong></span> 
     </span>
    </p>
   </div>
   <div class='ocr_carea' id='block_1_5' title="bbox 113 2732 1310 4474">
    <p class='ocr_par' dir='ltr' id='par_1_6' title="bbox 113 2732 1310 4474">
     <span class='ocr_line' id='line_1_18' title="bbox 250 2732 1309 2822; baseline 0 -24"><span class='ocrx_word' id='word_1_118' title='bbox 250 2737 303 2801; x_wconf 88' lang='lat'>39.</span> <span class='ocrx_word' id='word_1_119' title='bbox 329 2736 390 2800; x_wconf 92' lang='lat' dir='ltr'>Hic</span> <span class='ocrx_word' id='word_1_120' title='bbox 410 2737 509 2822; x_wconf 90' lang='lat' dir='ltr'>primo</span> <span class='ocrx_word' id='word_1_121' title='bbox 529 2736 725 2800; x_wconf 88' lang='lat' dir='ltr'>recolendum</span> <span class='ocrx_word' id='word_1_122' title='bbox 744 2743 790 2798; x_wconf 88' lang='lat' dir='ltr'>est</span> <span class='ocrx_word' id='word_1_123' title='bbox 808 2733 892 2818; x_wconf 92' lang='lat' dir='ltr'>quod</span> <span class='ocrx_word' id='word_1_124' title='bbox 910 2734 972 2798; x_wconf 87' lang='lat' dir='ltr'>iam</span> <span class='ocrx_word' id='word_1_125' title='bbox 993 2734 1132 2818; x_wconf 88' lang='lat' dir='ltr'>superius</span> <span class='ocrx_word' id='word_1_126' title='bbox 1150 2732 1309 2798; x_wconf 88' lang='lat' dir='ltr'>innuimus</span> 
     </span>
     <span class='ocr_line' id='line_1_19' title="bbox 206 2844 1310 2934; baseline 0 -24"><span class='ocrx_word' id='word_1_127' title='bbox 206 2869 238 2910; x_wconf 91' lang='lat' dir='ltr'>n.</span> <span class='ocrx_word' id='word_1_128' title='bbox 264 2850 285 2910; x_wconf 83' lang='lat'><strong>8</strong></span> <span class='ocrx_word' id='word_1_129' title='bbox 310 2857 341 2911; x_wconf 92' lang='lat' dir='ltr'>et</span> <span class='ocrx_word' id='word_1_130' title='bbox 366 2851 417 2928; x_wconf 83' lang='lat'>17,</span> <span class='ocrx_word' id='word_1_131' title='bbox 441 2871 552 2933; x_wconf 90' lang='lat' dir='ltr'>nempe</span> <span class='ocrx_word' id='word_1_132' title='bbox 572 2847 654 2934; x_wconf 92' lang='lat' dir='ltr'>quod</span> <span class='ocrx_word' id='word_1_133' title='bbox 677 2846 849 2912; x_wconf 87' lang='lat' dir='ltr'>substantia</span> <span class='ocrx_word' id='word_1_134' title='bbox 870 2844 986 2910; x_wconf 90' lang='lat' dir='ltr'>habens</span> <span class='ocrx_word' id='word_1_135' title='bbox 1008 2846 1143 2931; x_wconf 89' lang='lat' dir='ltr'>primum</span> <span class='ocrx_word' id='word_1_136' title='bbox 1165 2869 1230 2910; x_wconf 88' lang='lat' dir='ltr'>esse</span> <span class='ocrx_word' id='word_1_137' title='bbox 1255 2868 1310 2930; x_wconf 90' lang='lat' dir='ltr'>per</span> 
     </span>
     <span class='ocr_line' id='line_1_20' title="bbox 205 2957 1310 3045; baseline 0.002 -25"><span class='ocrx_word' id='word_1_138' title='bbox 205 2959 337 3023; x_wconf 86' lang='lat' dir='ltr'>formam</span> <span class='ocrx_word' id='word_1_139' title='bbox 353 2959 595 3039; x_wconf 81' lang='lat' dir='ltr'>substantialem,</span> <span class='ocrx_word' id='word_1_140' title='bbox 611 2969 642 3024; x_wconf 90' lang='lat' dir='ltr'>et</span> <span class='ocrx_word' id='word_1_141' title='bbox 663 2981 731 3045; x_wconf 86' lang='lat' dir='ltr'>quae</span> <span class='ocrx_word' id='word_1_142' title='bbox 751 2957 811 3022; x_wconf 90' lang='lat' dir='ltr'>dici</span> <span class='ocrx_word' id='word_1_143' title='bbox 829 2965 930 3042; x_wconf 91' lang='lat' dir='ltr'>potest</span> <span class='ocrx_word' id='word_1_144' title='bbox 949 2957 1120 3022; x_wconf 89' lang='lat' dir='ltr'>substantia</span> <span class='ocrx_word' id='word_1_145' title='bbox 1137 2957 1246 3043; x_wconf 87' lang='lat' dir='ltr'>prima,</span> <span class='ocrx_word' id='word_1_146' title='bbox 1262 2959 1310 3023; x_wconf 87' lang='lat' dir='ltr'>vel</span> 
     </span>
     <span class='ocr_line' id='line_1_21' title="bbox 205 3066 1309 3156; baseline 0.005 -26"><span class='ocrx_word' id='word_1_147' title='bbox 205 3066 393 3133; x_wconf 88' lang='lat' dir='ltr'>elementum</span> <span class='ocrx_word' id='word_1_148' title='bbox 417 3071 583 3150; x_wconf 84' lang='lat' dir='ltr'>materiale,</span> <span class='ocrx_word' id='word_1_149' title='bbox 607 3079 654 3134; x_wconf 92' lang='lat' dir='ltr'>est</span> <span class='ocrx_word' id='word_1_150' title='bbox 676 3093 730 3156; x_wconf 92' lang='lat' dir='ltr'>per</span> <span class='ocrx_word' id='word_1_151' title='bbox 753 3093 785 3134; x_wconf 90' lang='lat' dir='ltr'>se</span> <span class='ocrx_word' id='word_1_152' title='bbox 807 3069 932 3154; x_wconf 89' lang='lat' dir='ltr'>physice</span> <span class='ocrx_word' id='word_1_153' title='bbox 958 3069 1097 3154; x_wconf 88' lang='lat' dir='ltr'>simplex,</span> <span class='ocrx_word' id='word_1_154' title='bbox 1122 3093 1178 3134; x_wconf 89' lang='lat' dir='ltr'>seu</span> <span class='ocrx_word' id='word_1_155' title='bbox 1203 3093 1309 3135; x_wconf 88' lang='lat' dir='ltr'>carens</span> 
     </span>
     <span class='ocr_line' id='line_1_22' title="bbox 205 3181 1306 3268; baseline 0.003 -24"><span class='ocrx_word' id='word_1_156' title='bbox 205 3203 400 3266; x_wconf 89' lang='lat' dir='ltr'>quacumque</span> <span class='ocrx_word' id='word_1_157' title='bbox 423 3183 642 3268; x_wconf 88' lang='lat' dir='ltr'>compositione</span> <span class='ocrx_word' id='word_1_158' title='bbox 664 3183 811 3266; x_wconf 89' lang='lat' dir='ltr'>partium.</span> <span class='ocrx_word' id='word_1_159' title='bbox 856 3181 948 3258; x_wconf 79' lang='lat' dir='ltr'>Quod</span> <span class='ocrx_word' id='word_1_160' title='bbox 970 3182 1082 3246; x_wconf 90' lang='lat' dir='ltr'>iterum</span> <span class='ocrx_word' id='word_1_161' title='bbox 1099 3184 1306 3247; x_wconf 87' lang='lat' dir='ltr'>confirmatur.</span> 
     </span>
     <span class='ocr_line' id='line_1_23' title="bbox 205 3292 1309 3378; baseline 0.003 -23"><span class='ocrx_word' id='word_1_162' title='bbox 205 3292 290 3355; x_wconf 89' lang='lat' dir='ltr'>Nam</span> <span class='ocrx_word' id='word_1_163' title='bbox 308 3293 487 3378; x_wconf 88' lang='lat' dir='ltr'>compositio</span> <span class='ocrx_word' id='word_1_164' title='bbox 507 3303 554 3358; x_wconf 88' lang='lat' dir='ltr'>est</span> <span class='ocrx_word' id='word_1_165' title='bbox 571 3295 670 3358; x_wconf 89' lang='lat' dir='ltr'>forma</span> <span class='ocrx_word' id='word_1_166' title='bbox 688 3293 828 3378; x_wconf 87' lang='lat' dir='ltr'>quaedam</span> <span class='ocrx_word' id='word_1_167' title='bbox 850 3292 925 3356; x_wconf 89' lang='lat' dir='ltr'>dans</span> <span class='ocrx_word' id='word_1_168' title='bbox 943 3292 1113 3357; x_wconf 85' lang='lat' dir='ltr'>secundum</span> <span class='ocrx_word' id='word_1_169' title='bbox 1130 3315 1206 3372; x_wconf 89' lang='lat' dir='ltr'>esse,</span> <span class='ocrx_word' id='word_1_170' title='bbox 1225 3293 1309 3378; x_wconf 89' lang='lat' dir='ltr'>quod</span> 
     </span>
     <span class='ocr_line' id='line_1_24' title="bbox 204 3402 1308 3490; baseline 0.001 -23"><span class='ocrx_word' id='word_1_171' title='bbox 204 3412 252 3467; x_wconf 89' lang='lat' dir='ltr'>est</span> <span class='ocrx_word' id='word_1_172' title='bbox 282 3427 348 3468; x_wconf 90' lang='lat' dir='ltr'>esse</span> <span class='ocrx_word' id='word_1_173' title='bbox 377 3414 549 3490; x_wconf 82' lang='lat' dir='ltr'>quantum3</span> <span class='ocrx_word' id='word_1_174' title='bbox 579 3414 626 3470; x_wconf 89' lang='lat' dir='ltr'>est</span> <span class='ocrx_word' id='word_1_175' title='bbox 655 3405 739 3469; x_wconf 91' lang='lat' dir='ltr'>enim</span> <span class='ocrx_word' id='word_1_176' title='bbox 769 3403 949 3488; x_wconf 89' lang='lat' dir='ltr'>compositio</span> <span class='ocrx_word' id='word_1_177' title='bbox 982 3404 1080 3468; x_wconf 88' lang='lat' dir='ltr'>forma</span> <span class='ocrx_word' id='word_1_178' title='bbox 1112 3402 1308 3468; x_wconf 87' lang='lat' dir='ltr'>accidentalis</span> 
     </span>
     <span class='ocr_line' id='line_1_25' title="bbox 205 3515 1307 3602; baseline 0.002 -22"><span class='ocrx_word' id='word_1_179' title='bbox 205 3516 435 3601; x_wconf 79' lang='lat' dir='ltr'>superveniens·</span> <span class='ocrx_word' id='word_1_180' title='bbox 449 3517 589 3602; x_wconf 90' lang='lat' dir='ltr'>partibus</span> <span class='ocrx_word' id='word_1_181' title='bbox 620 3515 873 3581; x_wconf 87' lang='lat' dir='ltr'>substantialibus</span> <span class='ocrx_word' id='word_1_182' title='bbox 901 3516 934 3580; x_wconf 92' lang='lat' dir='ltr'>iu</span> <span class='ocrx_word' id='word_1_183' title='bbox 965 3537 997 3579; x_wconf 88' lang='lat' dir='ltr'>se</span> <span class='ocrx_word' id='word_1_184' title='bbox 1026 3515 1211 3594; x_wconf 90' lang='lat' dir='ltr'>constitutis,</span> <span class='ocrx_word' id='word_1_185' title='bbox 1238 3538 1307 3600; x_wconf 87' lang='lat' dir='ltr'>quae</span> 
     </span>
     <span class='ocr_line' id='line_1_26' title="bbox 178 3627 1308 3714; baseline 0.002 -24"><span class='ocrx_word' id='word_1_186' title='bbox 178 3638 444 3712; x_wconf 77' lang='lat' dir='ltr'>componuntur.</span> <span class='ocrx_word' id='word_1_187' title='bbox 512 3629 555 3692; x_wconf 80' lang='lat' dir='ltr'>Et</span> <span class='ocrx_word' id='word_1_188' title='bbox 585 3629 655 3692; x_wconf 89' lang='lat' dir='ltr'>ideo</span> <span class='ocrx_word' id='word_1_189' title='bbox 684 3651 750 3693; x_wconf 88' lang='lat' dir='ltr'>esse</span> <span class='ocrx_word' id='word_1_190' title='bbox 778 3627 903 3714; x_wconf 88' lang='lat' dir='ltr'>physice</span> <span class='ocrx_word' id='word_1_191' title='bbox 932 3627 1138 3712; x_wconf 89' lang='lat' dir='ltr'>compositum</span> <span class='ocrx_word' id='word_1_192' title='bbox 1166 3638 1213 3691; x_wconf 87' lang='lat' dir='ltr'>est</span> <span class='ocrx_word' id='word_1_193' title='bbox 1242 3649 1308 3692; x_wconf 90' lang='lat' dir='ltr'>esse</span> 
     </span>
     <span class='ocr_line' id='line_1_27' title="bbox 204 3737 1305 3824; baseline 0.003 -24"><span class='ocrx_word' id='word_1_194' title='bbox 204 3737 409 3803; x_wconf 89' lang='lat' dir='ltr'>substantiam</span> <span class='ocrx_word' id='word_1_195' title='bbox 436 3739 602 3804; x_wconf 91' lang='lat' dir='ltr'>habentem</span> <span class='ocrx_word' id='word_1_196' title='bbox 631 3739 750 3824; x_wconf 84' lang='lat' dir='ltr'>aliquid</span> <span class='ocrx_word' id='word_1_197' title='bbox 777 3749 888 3824; x_wconf 87' lang='lat' dir='ltr'>praeter</span> <span class='ocrx_word' id='word_1_198' title='bbox 916 3739 1053 3823; x_wconf 90' lang='lat' dir='ltr'>primum</span> <span class='ocrx_word' id='word_1_199' title='bbox 1084 3761 1161 3802; x_wconf 89' lang='lat' dir='ltr'>esse.</span> <span class='ocrx_word' id='word_1_200' title='bbox 1220 3738 1305 3823; x_wconf 83' lang='lat' dir='ltr'>hlrgo</span> 
     </span>
     <span class='ocr_line' id='line_1_28' title="bbox 204 3847 1306 3935; baseline 0.004 -24"><span class='ocrx_word' id='word_1_201' title='bbox 204 3847 377 3913; x_wconf 87' lang='lat' dir='ltr'>substantia</span> <span class='ocrx_word' id='word_1_202' title='bbox 401 3851 443 3914; x_wconf 86' lang='lat' dir='ltr'>sic</span> <span class='ocrx_word' id='word_1_203' title='bbox 467 3852 645 3935; x_wconf 88' lang='lat' dir='ltr'>composita,</span> <span class='ocrx_word' id='word_1_204' title='bbox 670 3860 780 3935; x_wconf 88' lang='lat' dir='ltr'>praeter</span> <span class='ocrx_word' id='word_1_205' title='bbox 810 3849 923 3914; x_wconf 85' lang='lat' dir='ltr'>formas</span> <span class='ocrx_word' id='word_1_206' title='bbox 952 3849 1170 3913; x_wconf 88' lang='lat' dir='ltr'>substantiales</span> <span class='ocrx_word' id='word_1_207' title='bbox 1197 3849 1306 3915; x_wconf 86' lang='lat' dir='ltr'>dantes</span> 
     </span>
     <span class='ocr_line' id='line_1_29' title="bbox 113 3945 1306 4047; baseline -0.003 -17"><span class='ocrx_word' id='word_1_208' title='bbox 113 4025 115 4030; x_wconf 91' lang='lat'><em>.</em></span> <span class='ocrx_word' id='word_1_209' title='bbox 161 3990 165 3996; x_wconf 93' lang='lat'>·</span> <span class='ocrx_word' id='word_1_210' title='bbox 203 3961 340 4044; x_wconf 91' lang='lat' dir='ltr'>primurn</span> <span class='ocrx_word' id='word_1_211' title='bbox 362 3945 427 4026; x_wconf 89' lang='lat' dir='ltr'>esse</span> <span class='ocrx_word' id='word_1_212' title='bbox 449 3961 598 4047; x_wconf 87' lang='lat' dir='ltr'>partibus,</span> <span class='ocrx_word' id='word_1_213' title='bbox 624 3961 715 4026; x_wconf 91' lang='lat' dir='ltr'>habet</span> <span class='ocrx_word' id='word_1_214' title='bbox 744 3961 875 4026; x_wconf 85' lang='lat' dir='ltr'>formam</span> <span class='ocrx_word' id='word_1_215' title='bbox 901 3960 1032 4045; x_wconf 81' lang='lat' dir='ltr'>singulis</span> <span class='ocrx_word' id='word_1_216' title='bbox 1060 3960 1200 4045; x_wconf 87' lang='lat' dir='ltr'>partibus</span> <span class='ocrx_word' id='word_1_217' title='bbox 1228 3963 1306 4026; x_wconf 87' lang='lat' dir='ltr'>acci-</span> 
     </span>
     <span class='ocr_line' id='line_1_30' title="bbox 204 4065 1306 4159; baseline 0.003 -23"><span class='ocrx_word' id='word_1_218' title='bbox 204 4072 368 4153; x_wconf 88' lang='lat' dir='ltr'>dentalem,</span> <span class='ocrx_word' id='word_1_219' title='bbox 383 4075 553 4159; x_wconf 89' lang='lat' dir='ltr'>composito</span> <span class='ocrx_word' id='word_1_220' title='bbox 567 4083 670 4139; x_wconf 90' lang='lat' dir='ltr'>tamen</span> <span class='ocrx_word' id='word_1_221' title='bbox 685 4083 721 4139; x_wconf 89' lang='lat' dir='ltr'>ut</span> <span class='ocrx_word' id='word_1_222' title='bbox 736 4072 904 4159; x_wconf 88' lang='lat' dir='ltr'>composito</span> <span class='ocrx_word' id='word_1_223' title='bbox 919 4065 1123 4153; x_wconf 89' lang='lat' dir='ltr'>essentialem,</span> <span class='ocrx_word' id='word_1_224' title='bbox 1138 4096 1200 4157; x_wconf 88' lang='lat' dir='ltr'>qua</span> <span class='ocrx_word' id='word_1_225' title='bbox 1214 4072 1306 4139; x_wconf 90' lang='lat' dir='ltr'>datur</span> 
     </span>
     <span class='ocr_line' id='line_1_31' title="bbox 202 4183 1308 4272; baseline 0.003 -24"><span class='ocrx_word' id='word_1_226' title='bbox 202 4184 343 4268; x_wconf 85' lang='lat' dir='ltr'>partibus</span> <span class='ocrx_word' id='word_1_227' title='bbox 357 4209 423 4250; x_wconf 89' lang='lat' dir='ltr'>esse</span> <span class='ocrx_word' id='word_1_228' title='bbox 438 4187 632 4272; x_wconf 86' lang='lat' dir='ltr'>compositas.</span> <span class='ocrx_word' id='word_1_229' title='bbox 676 4187 751 4250; x_wconf 86' lang='lat' dir='ltr'>Vice</span> <span class='ocrx_word' id='word_1_230' title='bbox 766 4207 851 4250; x_wconf 91' lang='lat' dir='ltr'>versa</span> <span class='ocrx_word' id='word_1_231' title='bbox 866 4184 1039 4249; x_wconf 89' lang='lat' dir='ltr'>substantia</span> <span class='ocrx_word' id='word_1_232' title='bbox 1055 4183 1172 4250; x_wconf 87' lang='lat' dir='ltr'>habeus</span> <span class='ocrx_word' id='word_1_233' title='bbox 1187 4185 1308 4270; x_wconf 85' lang='lat' dir='ltr'>aliquid&#39;</span> 
     </span>
     <span class='ocr_line' id='line_1_32' title="bbox 201 4294 1305 4383; baseline 0.001 -23"><span class='ocrx_word' id='word_1_234' title='bbox 201 4306 311 4380; x_wconf 87' lang='lat' dir='ltr'>praeter</span> <span class='ocrx_word' id='word_1_235' title='bbox 321 4299 457 4381; x_wconf 90' lang='lat' dir='ltr'>primum</span> <span class='ocrx_word' id='word_1_236' title='bbox 469 4321 544 4380; x_wconf 89' lang='lat' dir='ltr'>esse,</span> <span class='ocrx_word' id='word_1_237' title='bbox 556 4308 603 4362; x_wconf 94' lang='lat' dir='ltr'>est</span> <span class='ocrx_word' id='word_1_238' title='bbox 614 4297 730 4383; x_wconf 87' lang='lat' dir='ltr'>aliquid</span> <span class='ocrx_word' id='word_1_239' title='bbox 740 4297 954 4381; x_wconf 82' lang='lat' dir='ltr'>compositum,</span> <span class='ocrx_word' id='word_1_240' title='bbox 965 4295 1073 4360; x_wconf 89' lang='lat' dir='ltr'>saltem</span> <span class='ocrx_word' id='word_1_241' title='bbox 1084 4318 1121 4360; x_wconf 85' lang='lat' dir='ltr'>ex</span> <span class='ocrx_word' id='word_1_242' title='bbox 1132 4294 1305 4361; x_wconf 90' lang='lat' dir='ltr'>substantia</span> 
     </span>
     <span class='ocr_line' id='line_1_33' title="bbox 202 4409 413 4474; baseline 0.019 -4"><span class='ocrx_word' id='word_1_243' title='bbox 202 4416 232 4471; x_wconf 91' lang='lat' dir='ltr'>et</span> <span class='ocrx_word' id='word_1_244' title='bbox 247 4409 413 4474; x_wconf 88' lang='lat' dir='ltr'>accidente.</span> 
     </span>
    </p>
   </div>
   <div class='ocr_carea' id='block_1_6' title="bbox 0 0 1604 4984">
    <p class='ocr_par' dir='ltr' id='par_1_7' title="bbox 0 0 1604 4984">
     <span class='ocr_line' id='line_1_34' title="bbox 0 0 1604 4984; baseline 0 3"><span class='ocrx_word' id='word_1_245' title='bbox 0 0 1604 4984; x_wconf 95' lang='lat' dir='ltr'> </span> 
     </span>
    </p>
   </div>
  </div>
 </body>
</html>
