3200 4984
231 370 305 415 aar.
319 350 374 435 ιι]
443 375 445 378 ·
553 372 597 415 nn
612 372 814 417 suascanrra
830 374 1013 422 coaronna.
1270 360 1332 425 13⁷

277 537 347 602 Hoc
361 538 472 623 posito,
488 561 584 623 quum
607 540 708 606 omnis
722 542 768 607 vis
782 550 855 627 agat
876 542 909 606 in
925 552 1077 628 quantum
1090 552 1137 609 est
1157 545 1190 610 in
1205 553 1286 626 ectu,
1301 556 1333 612 et

231 643 333 713 omnia
346 650 392 714 vis
415 658 517 714 ereata
540 652 580 715 sit
603 652 638 715 in
663 658 734 717 artu
756 676 813 738 per
838 654 937 719 solum
962 656 1082 720 instans
1107 678 1252 742 praesens,
1268 680 1331 723 non

231 769 336 825 autem
350 783 405 846 per
419 761 543 847 aliquod
565 764 764 848 praeteritum,
780 765 865 852 quod
884 766 1015 851 amplius
1035 790 1098 832 non
1118 776 1165 833 eat
1179 777 1260 850 actu,
1275 791 1332 835 nec

231 895 286 957 per
315 873 440 958 aliquod
469 874 621 954 futurum,
644 876 728 961 quod
758 878 860 943 adhue
882 886 928 943 est
953 878 987 943 in
1018 879 1176 964 potentia3
1207 889 1332 965 apparet

232 985 317 1071 quod
331 985 410 1051 actio
425 985 562 1067 actualis,
578 986 719 1052 absoluta
732 998 764 1053 et
784 990 943 1055 eutitatira
958 991 1084 1055 alicuius
1099 992 1145 1057 vis
1163 1013 1228 1057 non
1243 992 1333 1058 debet
1430 1053 1433 1061 ,

231 1098 401 1163 mensurari
415 1121 471 1183 per
485 1098 637 1179 effectum,
649 1122 741 1185 quem
755 1102 898 1186 producit
914 1102 947 1166 in
959 1103 1137 1169 collectione
1150 1104 1332 1170 instantium

231 1209 466 1293 praeteritorum,
489 1191 686 1295 presentium
712 1220 767 1277 aut
792 1213 978 1295 futurorum,
1002 1214 1115 1301 quibus
1139 1217 1333 1302 componitur

232 1320 372 1405 quadam
387 1321 490 1385 unitas
504 1322 653 1408 temporis
667 1321 835 1403 arbitraria,
852 1324 905 1389 sed
925 1346 980 1409 per
999 1326 1141 1390 effectum
1156 1349 1247 1411 quem
1262 1350 1333 1413 pro-

232 1430 317 1495 ducit
339 1431 372 1495 in
394 1454 458 1497 uno
480 1455 516 1497 ex
537 1433 598 1497 illis
620 1442 753 1514 tantum,
772 1433 911 1499 videlicet
934 1434 966 1499 in
989 1458 1035 1515 eo,
1051 1436 1083 1500 in
1107 1458 1168 1521 quo
1189 1446 1236 1501 est
1258 1445 1333 1504 tunc

231 1563 328 1627 quum
343 1544 408 1628 egit
423 1544 462 1609 de
476 1545 629 1629 praesenti.
674 1546 720 1609 le
738 1568 799 1631 quo
814 1546 961 1631 sequitur,
971 1549 1114 1611 actionem
1129 1549 1290 1613 absolutam
1304 1558 1334 1613 et

169 1637 174 1645 ’
231 1654 375 1717 actualem
389 1656 593 1739 caimcampae
603 1657 648 1720 vic
657 1678 718 1720 aare
732 1657 847 1742 infinite
862 1659 1001 1721 minorem
1016 1681 1060 1737 ea,
1073 1682 1136 1743 qua
1150 1668 1334 1724 meamratur

224 1786 284 1847 per
297 1766 441 1829 unitatem
456 1768 593 1850 temporie
608 1789 817 1850 quamcumque
823 1766 955 1850 finitam.

242 1956 246 1961 Ι
276 1874 360 1939 Hinc
375 1874 402 1939 ai
416 1877 449 1940 dt
463 1885 659 1961 repraesentet
673 1876 900 1941 infinitesimam
913 1884 1031 1962 partem
1046 1878 1203 1963 temporis,
1218 1878 1333 1957 valeres

231 1985 350 2052 relativi
374 2010 393 2052 v
412 1996 443 2053 et
463 1993 490 2052 ν’
511 1988 697 2053 reducentur
718 1987 758 2053 ad
777 1988 893 2053 valeres
919 1988 1076 2053 absolutos
1102 1990 1287 2071 entitativos,
1308 1992 1335 2057 ai
1377 2014 1381 2025 ’

230 2098 477 2184 multiplicentur
490 2123 545 2185 per
555 2101 597 2165 dr.

277 2210 347 2275 Hoc
369 2211 472 2297 ipsum
487 2212 601 2277 directe
621 2220 764 2277 statuunt
777 2210 986 2277 mathematici
1008 2233 1063 2296 per
1078 2211 1335 2277 considerationes

230 2320 339 2387 calculi
354 2322 574 2387 differentialis.
1292 2408 1295 2412 .

274 2423 327 2498 53.
351 2434 521 2500 Redeundo
535 2456 619 2500 nune
633 2434 672 2499 ed
687 2442 791 2499 nostm
805 2434 969 2513 corollaria,
985 2441 1088 2518 aperte
1102 2440 1187 2517 patet
1202 2433 1285 2518 quod
1300 2434 1332 2498 in

230 2545 389 2611 corollario
414 2546 515 2631 primo
540 2545 624 2611 calor
637 2544 759 2624 olssco,
783 2545 838 2630 qui
862 2544 1025 2630 respondet
1054 2543 1218 2630 hypothesi
1238 2546 1333 2625 a=0‚
1394 2534 1398 2542 ¹

230 2666 277 2721 est
293 2658 376 2722 valor
389 2659 503 2723 relatus
523 2658 562 2722 ad
587 2658 739 2722 unitatem
758 2658 915 2743 temporis,
930 2665 961 2721 et
976 2655 1061 2741 quod
1085 2664 1277 2721 convertetur
1300 2656 1333 2720 in

198 2836 213 2863 1
230 2768 405 2834 absolutum
431 2747 853 2854 multiplicandoutrumque
878 2767 1051 2833 membrum
1073 2768 1251 2853 aquationis
1280 2790 1335 2854 per

230 2882 265 2945 dt
276 2907 283 2947 ε
296 2904 367 2967 ‘quo
381 2882 462 2947 facto
476 2880 640 2945 habebitur

617 3008 619 3011 ’
642 2970 907 3131 aat=00at=g

231 3204 402 3289 prevalere
427 3202 566 3267 absoluto
586 3202 631 3266 vis
655 3202 688 3265 in
715 3224 771 3267 sno
794 3212 909 3267 centro.
954 3201 1120 3286 Expressio
1141 3201 1207 3267 haec
1231 3211 1334 3267 manet

230 3316 475 3393 indeterminata,
498 3314 569 3399 quia
591 3314 691 3377 omnis
717 3312 932 3377 determinatio
956 3312 1067 3376 virium
1090 3313 1126 3376 fit
1149 3311 1281 3394 relative,
1301 3314 1334 3377 id

230 3436 278 3491 est
293 3425 496 3511 comparando
509 3426 591 3489 inter
605 3448 638 3489 se
652 3423 959 3509 effectus-productos
978 3424 1011 3486 in
1026 3422 1215 3507 temporibus
1225 3423 1334 3490 'finitis

230 3538 295 3602 llio
316 3546 432 3615 autem,
446 3535 486 3600 ob
508 3536 673 3601 carentiam
695 3526 845 3620 temporis
868 3535 959 3614 finiti,
976 3557 1113 3599 caremus
1135 3535 1337 3619 possibilitate

230 3635 484 3734 comparationis)
507 3658 538 3712 et
553 3649 597 3712 sic
611 3648 693 3712 valor
707 3646 759 3711 ille
773 3670 900 3711 manere
915 3646 1005 3711 debet
1019 3646 1283 3717 indeterminatus.
1396 3666 1399 3671 '

231 3795 235 3802 <
275 3758 411 3838 Accedit,
434 3758 518 3843 qnod
544 3758 569 3821 si
592 3757 617 3821 ρ’
638 3757 850 3822 consideretur
876 3756 1011 3842 praecise,
1030 3778 1092 3820 non
1116 3772 1152 3820 ut
1174 3757 1336 3823 intenaitas

231 3871 287 3952 vis,
303 3870 357 3934 sed
376 3880 411 3934 ut
433 3870 596 3934 intensitas
621 3848 760 3949 actionis,
778 3869 890 3933 debeat
915 3891 980 3932 esse
994 3866 1084 3931 a=0
1098 3868 1132 3931 in
1157 3877 1261 3932 centro
1276 3868 1335 3934 ele·

231 3982 339 4062 menti,
360 3983 432 4068 quia
453 3982 580 4046 materia
601 4003 665 4046 non
686 3982 761 4064 agit,
783 3981 844 4045 nisi
869 3980 908 4045 ad
931 3980 1105 4044 distantiam
1123 3980 1170 4063 (ut
1193 3980 1265 4044 alibi
1287 3981 1334 4045 in·

231 4095 382 4177 animus),
397 4116 458 4179 qua
477 4087 616 4157 cessante
637 4092 717 4156 actio
738 4092 856 4156 motiva
876 4091 984 4176 nequit
1006 4074 1134 4155 exerceri
1156 4114 1192 4155 ex
1214 4092 1335 4158 defectu

231 4205 416 4272 directionis.
454 4205 502 4269 Et
517 4205 560 4269 sic
574 4226 696 4269 neeesse
710 4211 766 4284 est,
781 4202 916 4269 valorem
926 4200 952 4267 ρ’
966 4224 1088 4267 manere
1101 4201 1334 4270 indeterminate

132 4316 135 4321 ’
230 4341 417 4405 expressum,
432 4340 472 4383 ne
494 4316 623 4403 equatio
637 4315 776 4382 videatur
790 4313 966 4395 tribuerevi
982 4314 1115 4400 aliquam
1135 4314 1285 4381 actionem
1301 4317 1334 4383 in
1371 4400 1373 4404 .
