3200 4984
269 338 334 401 138
587 358 631 408 nn
647 356 849 403 suasurum
864 354 1044 401 consonus.
1226 333 1314 417 [car.
1332 351 1371 395 11.

1000 523 1070 683 get
1092 566 1184 633 o¹=0
1213 567 1374 633 videantur

269 733 329 799 sibi
348 732 565 812 contradicere,
580 732 753 798 notandum
772 739 830 811 est,
846 730 977 817 primam
997 752 1160 814 exsurgere
1174 752 1211 795 ex
1232 730 1373 795 conside·

271 843 389 908 ratione
400 842 548 929 temporis
563 842 764 923 infinitesimi,
774 864 837 928 quo
853 842 966 906 mobile
980 843 1131 927 percurrit
1145 841 1375 907 infinitesimam

271 952 460 1032 distantiam,
486 961 523 1017 nt
551 952 686 1039 attingat
714 961 857 1017 centrum
885 952 1022 1033 motoris,
1049 952 1217 1017 secundam
1242 974 1312 1017 vero
1336 974 1374 1017 ex

272 1063 413 1128 absoluta
434 1062 579 1127 nullitate
600 1060 759 1149 temporis,
775 1085 830 1127 seu
854 1085 890 1127 ex
917 1062 1088 1127 deficientia
1112 1062 1260 1148 temporis
1283 1061 1376 1127 etiam

272 1174 472 1254 infinitesimi,
502 1197 600 1260 quum
629 1175 663 1239 in
692 1182 798 1240 centro
827 1174 894 1259 ipso
923 1174 1103 1240 indivisibili
1135 1196 1200 1239 non
1228 1174 1377 1239 habeatur

273 1287 418 1373 spatium,
439 1286 531 1351 etiam
553 1284 798 1364 infinitesimum,
814 1285 848 1350 in
868 1307 930 1371 quo
952 1286 1049 1370 possit
1064 1286 1130 1350 fieri
1152 1294 1255 1351 motus
1277 1286 1377 1371 quivis

273 1398 501 1464 infinitesimns.
546 1398 629 1463 Nam
658 1396 893 1462 infinitesimum
917 1397 1063 1483 temporis
1087 1397 1180 1462 habet
1204 1398 1304 1464 adbuc
1329 1421 1377 1463 ra·

273 1510 390 1575 tionem
411 1510 560 1590 continui,
576 1510 647 1574 licet
670 1508 790 1574 infinite
804 1509 900 1595 parvi,
915 1517 946 1574 et
971 1518 1018 1573 est
1042 1509 1141 1575 adhuc
1170 1510 1323 1575 sufficiens
1342 1517 1378 1573 ut

274 1621 306 1685 in
319 1644 355 1686 eo
363 1621 417 1687 fiat
433 1629 536 1686 motus
550 1620 671 1685 infinite
684 1642 879 1706 parvus,un
894 1631 1088 1706 percurratur
1100 1621 1246 1687 distantia
1260 1620 1380 1687 infinite

274 1755 384 1817 parva:
407 1740 549 1797 centrum
572 1730 736 1796 antemnis
756 1752 819 1797 non
843 1730 937 1795 habet
951 1732 1102 1797 rationem
1125 1733 1266 1799 continui
1285 1731 1379 1797 etiam

276 1841 397 1907 infinite
411 1841 507 1927 parvi,
523 1841 673 1927 quianon
687 1850 734 1907 est
748 1841 780 1905 in
797 1842 897 1926 specie
911 1842 1102 1928 quantitatis.

285 1944 288 1951 ’
319 1956 372 2017 54.
397 1952 489 2029 Quod
509 1953 619 2017 attinet
640 1953 680 2017 ad
700 1954 870 2019 secundum
885 1962 916 2017 et
936 1955 1064 2020 tertium
1079 1954 1281 2036 corollarium,
1295 1954 1381 2020 nulla

274 2073 321 2129 est
343 2064 481 2150 specialia
502 2064 675 2145 difficultas,
690 2065 751 2129 nisi
765 2066 850 2150 quod
865 2066 1004 2131 videatur
1018 2068 1146 2131 fortasse
1164 2066 1382 2133 inconveniens

270 2200 383 2263 ponere
411 2178 471 2241 vim
498 2178 631 2241 materiae
651 2199 683 2240 se
705 2177 907 2242 ostendentem
932 2179 974 2242 nd
996 2178 1145 2263 infinitam
1169 2179 1382 2243 distantiomo

276 2299 386 2370 centro,
398 2312 436 2354 ecc
449 2312 507 2373 qao
521 2298 657 2353 mnata
679 2289 848 2374 prasertim
863 2312 961 2374 quum
976 2289 1098 2353 infinita
1113 2288 1258 2353 distantia
1272 2288 1306 2353 in
1321 2296 1381 2353 ter-

277 2401 370 2475 minis
384 2408 547 2486 repugnet.
591 2400 674 2464 Nam
689 2399 835 2464 distantia
855 2400 1056 2465 essentialiter
1070 2400 1198 2486 requirit
1220 2400 1298 2465 duos
1321 2408 1384 2465 ter·

277 2514 398 2578 minos:
421 2512 580 2577 infinitum
603 2520 706 2575 autem
731 2511 934 2575 essentialiter
959 2512 1088 2597 requirit
1113 2535 1178 2578 non
1201 2512 1303 2577 claudi
1321 2521 1382 2577 ter·

277 2623 381 2690 minis.

323 2736 394 2814 Sed,
418 2758 515 2821 quum
544 2756 582 2799 ex
611 2732 702 2798 dictis
731 2740 861 2813 constet,
884 2732 1035 2799 actionem
1064 2734 1150 2799 illam
1175 2734 1215 2799 ad
1244 2736 1384 2821 quamvis

280 2846 461 2911 distantiam
484 2846 604 2909 finitam
627 2845 649 2909 d
669 2866 735 2908 esse
764 2844 1006 2925 infinitesimam,
1029 2868 1084 2911 seu
1106 2842 1175 2925 adt,
1201 2845 1385 2929 procedente

279 2956 426 3021 distantia
451 2956 491 3020 ad
517 2965 719 3041 augmentum
742 2955 912 3040 quodlibet,
937 2957 1021 3042 quod
1049 2966 1096 3021 est
1121 2958 1155 3021 in
1177 2958 1315 3043 potentia
1335 2959 1384 3021 in-

279 3068 413 3147 finitum,
429 3067 508 3131 actio
528 3068 572 3132 ita
586 3068 681 3131 adhuc
701 3066 861 3147 minuitur,
877 3076 913 3131 ut
930 3068 1056 3133 tandem
1079 3068 1112 3133 in
1133 3067 1254 3133 infinita
1269 3069 1384 3133 distan-

281 3179 334 3258 tia,
350 3179 435 3243 fieret
450 3178 684 3243 infinitesimum
699 3178 784 3243 tertii
798 3178 925 3259 ordinis,
941 3189 1021 3245 esset
1036 3181 1118 3245 enim
1133 3180 1254 3245 realiter

686 3291 968 3453 rdd=}d{=v.0⁸,

269 571 336 656 ipso
361 578 477 637 centro·
522 571 573 636 Ne
598 580 702 637 autem
727 571 913 657 aquationes
932 566 995 635 v'=

280 3521 361 3579 esset
376 3534 449 3597 ergo
464 3512 625 3592 eiusmodi,
635 3523 671 3577 ut
687 3512 825 3598 quolibet
839 3514 1030 3599 longissimo,
1046 3514 1142 3579 immo
1158 3515 1291 3596 infinito,
1306 3522 1385 3581 tem·

280 3648 363 3710 pore,
379 3625 518 3710 nequiret
533 3624 702 3710 producere
721 3625 855 3709 aliquem
872 3626 1025 3691 effectum.
1071 3625 1204 3690 Nullum
1222 3635 1326 3691 autem
1339 3636 1388 3693 est

280 3712 498 3803 inconveniens
520 3738 554 3801 in
568 3738 636 3816 hoc,
652 3735 796 3820 quodvis
811 3746 910 3801 creata
934 3736 973 3800 ad
989 3736 1166 3801 distantiam
1181 3738 1302 3802 finitam
1316 3760 1387 3823 pro-

282 3849 374 3914 ducat
388 3849 530 3913 effectum
555 3847 800 3926 infinitesimum,
816 3856 848 3912 et
867 3848 907 3912 ad
922 3848 1099 3913 distantiam
1119 3848 1272 3914 infinitam
1288 3858 1388 3915 careat

281 3960 366 4025 omni
381 3961 500 4025 effectu.
1256 4028 1258 4031 ¹

326 4071 459 4148 Quando
487 4078 591 4135 autem
621 4069 830 4134 mathematici
859 4078 982 4156 ponunt
1012 4070 1192 4136 distantiam
1221 4072 1387 4151 infinitam,

280 4181 459 4266 intelligunt
475 4180 651 4245 distantiam
675 4180 820 4245 maiorem
845 4182 930 4245 omni
953 4182 1142 4267 assignabili.
1187 4182 1229 4247 Et
1244 4184 1386 4268 quamvis
