3200 4984
285 334 329 396 44
568 357 572 366 ·
698 353 741 396 nn
758 351 944 396 sn1xc1r11s
1237 330 1326 414 [css.
1345 346 1403 393 nr.

287 528 506 607 argumentum
518 529 564 586 cst
575 521 737 607 optimum,
749 519 917 586 dummodo
928 518 1155 583 conclusionem
1168 539 1232 582 non
1241 517 1404 582 deducant

286 633 542 713 universaliorem,
557 655 650 718 quarn
661 632 840 718 praemissae.
875 630 1080 696 Concedimus
1095 651 1171 714 ergo
1185 629 1220 692 in
1235 628 1403 693 elementis

286 744 476 829 simplicibus
490 743 864 829 valere'conseqnentiam.
910 741 1001 806 Ratio
1016 749 1064 806 est
1081 741 1157 826 quia
1178 740 1311 826 simplex
1332 763 1402 804 non

285 855 320 920 fit
342 877 397 940 per
418 855 653 940 generationem,
677 854 731 919 sed
751 877 807 940 per
829 852 1023 933 creationem,
1038 861 1070 918 et
1092 861 1251 937 praeterea,
1276 852 1402 916 ratione

286 965 489 1051 simplicitatis
510 988 572 1031 suae
591 966 734 1052 physicae,
749 986 813 1029 non
835 973 936 1050 potest
954 964 1067 1028 habere
1082 963 1162 1028 dnos
1176 972 1266 1029 actus
1281 964 1400 1028 intrin-

286 1097 379 1142 secos.
426 1075 459 1140 Si
484 1085 587 1140 tamen
612 1076 761 1141 attentius
790 1076 999 1141 consideretur
1024 1097 1081 1160 per
1103 1074 1181 1160 quid
1204 1097 1306 1139 unum
1335 1076 1401 1140 ele-

286 1197 426 1251 mentum
447 1187 484 1251 ab
505 1186 564 1252 alio
584 1187 714 1267 differat,
732 1186 904 1252 videbimus
921 1186 1071 1251 rationem
1092 1186 1274 1252 differentiae
1300 1187 1400 1252 huius

286 1321 350 1362 non
372 1319 462 1383 posse
486 1297 664 1364 desumiex
686 1299 752 1382 ipso
770 1305 842 1364 actu
862 1298 981 1362 essendi
999 1298 1110 1382 primo,
1125 1297 1181 1383 qui
1200 1307 1249 1362 est
1266 1299 1402 1362 omnino

286 1409 411 1495 aequalis
433 1409 466 1472 in
481 1409 624 1473 omnibus
639 1408 808 1489 elementis,
823 1431 919 1494 quum
934 1409 985 1473 hic
1000 1417 1089 1473 actus
1104 1409 1145 1473 sit
1162 1408 1197 1472 in
1212 1409 1401 1474 indivisibili

289 1524 331 1607 (n.
348 1523 415 1605 30),
428 1520 482 1585 sed
495 1521 660 1606 petendam
676 1542 741 1584 esse
757 1542 792 1584 ex
807 1519 962 1584 activitate
976 1519 1121 1585 elementi
1136 1520 1176 1584 ad
1190 1529 1287 1601 extra,
1303 1521 1338 1585 id
1351 1530 1402 1585 est·

285 1657 321 1700 ex
336 1641 406 1698 actu
421 1632 460 1696 ad
474 1654 566 1716 quem
581 1631 673 1696 habet
686 1630 857 1716 potentiam
871 1631 1004 1696 realem:
1026 1631 1080 1696 ita·
1090 1639 1126 1697 ut
1144 1632 1337 1697 elomentnm
1358 1634 1400 1697 ab

286 1744 437 1808 elemento
460 1742 579 1807 differat
602 1742 691 1806 unice
712 1741 751 1805 ob
774 1740 981 1806 diversitatem
1004 1744 1133 1807 actionis
1150 1745 1332 1826 attractiva,
1350 1746 1400 1810 vel

286 1852 454 1939 repulsivae,
470 1874 562 1936 quam
585 1874 719 1917 exercere
740 1861 843 1937 potest
857 1861 944 1918 extra
966 1876 1008 1918 se.
1054 1854 1146 1920 Unde
1167 1864 1285 1936 manet,
1301 1857 1400 1921 etiam

286 1966 320 2030 in
346 1963 504 2028 elementis
524 1961 723 2046 simplicibus,
738 1985 840 2028 veram
863 1960 1012 2029 rationein
1035 1965 1244 2031 distinctionis
1266 1969 1333 2053 peti
1357 1969 1399 2033 ab

286 2077 399 2160 aliquo,
425 2074 509 2158 quod
535 2095 596 2138 non
622 2082 670 2138 est
692 2075 815 2158 praecise
839 2075 938 2139 forma
961 2075 1173 2142 substantialis
1196 2088 1234 2142 ut
1260 2080 1313 2154 sie,
1341 2081 1399 2145 sed

286 2184 494 2275 potentialitas
518 2184 615 2249 activa
640 2207 677 2248 ex
701 2184 751 2248 illa
776 2207 906 2249 manans
930 2194 961 2250 et
979 2186 1222 2253 determinabilis
1243 2190 1283 2254 ab
1306 2200 1398 2256 extra

286 2298 392 2387 quoad
402 2297 584 2382 positionem
602 2304 697 2360 actus.
743 2294 836 2371 Quod
851 2296 887 2377 si,
903 2297 977 2361 dum
994 2298 1107 2364 dicitur
1118 2300 1203 2385 quod
1223 2300 1326 2366 forma
1343 2302 1398 2367 dat

285 2411 438 2494 distinqui,
453 2407 637 2491 intelligitur
655 2406 714 2499 hoc
728 2406 854 2471 verbum
873 2407 911 2471 de
931 2409 995 2472 sola
1018 2409 1218 2476 distinctione
1235 2415 1398 2478 numerica

285 2523 379 2590 unius
395 2518 573 2584 substantiae
588 2516 626 2580 ab
638 2516 740 2594 altera,
753 2538 817 2580 non
827 2540 898 2582 vero
909 2518 947 2583 de
958 2519 1156 2586 distinctione
1167 2523 1263 2586 unius
1274 2534 1399 2590 naturas

286 2635 325 2701 ab
337 2633 396 2697 alia
405 2631 532 2709 diversa,
543 2638 618 2691 tunc
627 2627 829 2692 concedemus
840 2637 953 2694 totum.
977 2631 1040 2695 Sed
1050 2632 1109 2696 hoc
1118 2655 1183 2697 non
1192 2635 1278 2700 iuvat
1289 2637 1399 2702 adver·

286 2744 392 2820 sarios,
408 2741 502 2804 immo
521 2747 627 2803 contra
646 2738 729 2822 ipsos
750 2738 832 2804 facit.
879 2741 951 2804 Non
971 2742 1066 2821 iuvet,
1085 2745 1159 2829 quia
1177 2748 1311 2831 queastio
1331 2773 1398 2814 non

285 2851 425 2942 procedit
451 2849 489 2913 de
515 2849 711 2913 distinctione
736 2851 902 2931 numerica,
921 2853 976 2917 sed
1002 2853 1040 2917 de
1061 2856 1236 2923 diversitate
1255 2868 1397 2926 naturae:

284 2965 360 3034 facit
375 2983 445 3026 vero
459 2969 563 3024 contra
578 2961 670 3044 ipsos,
686 2959 767 3044 quia,
783 2983 880 3045 quum
896 2963 1054 3029 distinctio
1069 2969 1228 3033 numerica
1242 2971 1399 3037 habeatur

284 3099 341 3166 per
355 3070 540 3159 principium
562 3069 821 3150 individuationis,
837 3073 975 3159 plerique
997 3088 1100 3141 autem
1122 3080 1398 3164 peripateticorum

286 3191 392 3256 dicant
412 3180 597 3266 principium
620 3179 869 3270 individuationis
888 3207 954 3249 esse
974 3190 1144 3269 materiam,
1161 3193 1188 3255 si
1204 3192 1300 3256 simul
1314 3219 1400 3260 asse-

284 3307 357 3368 rant
382 3294 511 3358 formam
538 3290 609 3355 dare
636 3281 861 3357 distinctionem
887 3299 1086 3379 numericam,
1113 3312 1266 3386 cogentur
1296 3306 1400 3372 dicere

285 3415 416 3478 formam
431 3424 497 3467 esse
510 3401 696 3486 principium
710 3402 971 3486 individuationis,
987 3410 1091 3492 potius
1106 3435 1200 3497 quam
1221 3419 1398 3484 materiam.

330 3521 384 3584 45.
410 3513 471 3578 Sed
496 3512 648 3598 quidquid
667 3512 706 3575 sit
727 3512 764 3576 de
786 3513 945 3580 elementis
968 3519 1170 3605 simplicibus,
1194 3549 1303 3592 eorum
1323 3552 1400 3594 con-

286 3626 430 3700 sideratio
445 3647 508 3688 non
523 3632 569 3687 est
584 3617 712 3702 adrem,
727 3624 851 3708 quando
871 3627 974 3710 agitur
994 3630 1032 3695 de
1054 3636 1245 3719 compositis,
1261 3648 1298 3704 ut
1322 3665 1401 3707 con·

286 3735 487 3810 stituentibus
507 3734 650 3819 speciales
670 3743 806 3798 naturas.
852 3736 913 3800 Hic
927 3761 998 3803 vero
1016 3743 1141 3826 agimus
1157 3747 1196 3811 de
1211 3750 1400 3818 substantiis

286 3846 478 3918 naturalibus
489 3845 579 3909 nobis
589 3845 720 3927 cognitis
732 3865 785 3927 per
798 3847 1015 3929 experientiam
1030 3876 1188 3936 sensuum,
1202 3882 1273 3944 quae
1287 3885 1400 3930 omnes

287 3971 361 4030 sunt
381 3957 565 4040 compositae.
610 3954 649 4017 In
672 3953 719 4016 his
740 3953 836 4038 igitur
855 3956 948 4021 habet
965 3959 1068 4026 locum
1088 3969 1294 4037 consideratio
1309 3977 1400 4060 prin-

287 4072 360 4158 cipii
383 4064 519 4131 formalis
541 4063 661 4142 remoti,
682 4072 711 4126 et
736 4064 880 4148 principii
899 4067 1035 4134 formalis
1052 4077 1195 4159 proximi,
1219 4082 1259 4146 de
1281 4087 1402 4170 quibus

287 4181 421 4247 diximus
438 4197 470 4236 n.
486 4177 539 4251 40,
555 4195 591 4236 ex
611 4171 722 4255 quibus
739 4174 875 4254 pendent
890 4177 1015 4242 effectus
1029 4182 1167 4253 formalis
1181 4193 1353 4274 primarius
1368 4208 1401 4264 et

288 4291 414 4355 effectus
430 4282 564 4346 formalis
579 4281 775 4346 secundarius
790 4282 829 4346 de
844 4286 954 4368 quibus
969 4291 1090 4373 egimus
1104 4319 1137 4362 n.
1152 4304 1207 4366 43.
1224 4305 1259 4369 in
1274 4309 1350 4376 fine.
