3200 4984
211 430 280 473 can.
298 410 336 493 a]
574 433 615 475 ns
633 434 751 477 naseos
768 434 961 478 conninols.
1248 413 1314 476 243

208 592 424 677 imaginarium
451 614 520 657 vero
544 616 600 679 per
625 594 760 659 infinitas
790 595 1000 661 ubicationum
1027 594 1192 659 actualium
1218 616 1311 677 nega·

210 705 320 769 tiones.

253 819 339 882 Inter
352 818 543 897 recentiores,
559 816 690 898 Balmes,
712 842 805 904 quem
820 842 884 883 non
898 817 987 903 pauci
1005 826 1185 902 sequuntur,
1201 816 1240 880 ad
1254 816 1310 881 has

202 930 417 996 conclusiones
432 930 589 1015 pervenit:

254 1044 295 1105 1⁰.
320 1044 457 1126 Spatium
471 1044 548 1107 nihil
561 1052 604 1107 est
618 1044 708 1122 aliud,
725 1044 783 1107 nisi
797 1016 863 1128 aissa
878 1064 1034 1125 corporum
1048 1041 1187 1104 extensio.

250 1156 295 1218 2⁰.
320 1155 457 1239 Spatium
471 1164 499 1219 et
514 1156 643 1219 ecternio
658 1164 731 1237 mant
742 1156 805 1217 dua
820 1156 889 1217 idea
903 1154 1044 1216 identicae.
1078 1136 1081 1140 ¹

249 1268 294 1329 3⁰.
318 1269 436 1345 Partes,
451 1290 524 1351 quas
538 1270 713 1351 connitimur
728 1268 759 1330 in
772 1269 880 1351 spatio,
898 1274 966 1330 runt
981 1265 1163 1330 extensiones
1170 1264 1307 1345 particu-

205 1376 291 1457 lares,
308 1379 412 1461 quibus
425 1380 614 1462 relinquimus
622 1380 778 1461 monrium
787 1379 918 1441 limitem.

249 1491 294 1552 4⁰.
317 1490 390 1552 Idea
403 1491 494 1573 spatii
507 1488 618 1573 infiniti
634 1498 678 1553 est
695 1490 760 1553 idea
777 1490 955 1553 attentionis
968 1489 1000 1551 in
1014 1494 1078 1553 tota
1096 1509 1151 1551 aua
1161 1486 1307 1570 ,teneati-

205 1606 278 1676 tate,
293 1599 327 1662 id
338 1608 382 1663 est
396 1600 588 1665 abstrahendo
607 1624 625 1665 a
640 1600 745 1665 limite.

173 1697 177 1702 ’
249 1713 294 1775 5⁰.
317 1712 456 1795 Spatium
471 1714 652 1798 indefinitum
666 1721 710 1777 est
719 1714 798 1777 lusus
809 1713 1036 1793 inmainationis,
1048 1735 1120 1795 qaia,
1136 1712 1204 1775 dum
1219 1732 1307 1774 cona

204 1830 255 1886 tur
273 1825 409 1909 mecam
427 1834 536 1890 motum
558 1826 724 1889 intellectio
745 1827 777 1888 in
794 1825 1031 1909 qenmaIizondo,
1054 1846 1165 1889 oannem
1185 1824 1306 1885 limitem

205 1936 340 1999 destruit.

191 2045 194 2049 ’
247 2050 292 2139 6⁰.
322 2047 379 2111 Ubi
392 2049 502 2111 nuttam
517 2056 561 2111 est
575 2048 745 2131 corpua'ibi
759 2046 870 2111 aunum
884 2048 1078 2130 catapotium.

250 2163 293 2224 7⁰.
316 2161 471 2225 Distantia
485 2168 529 2225 eat
539 2161 722 2244 interpositio
733 2160 873 2242 corporis,
889 2167 918 2222 et
932 2159 977 2223 nil
983 2166 1136 2241 preterea.

248 2274 292 2355 8⁰.
315 2273 514 2336 anmscente
528 2294 647 2356 corpore
661 2272 844 2349 intermedio,
863 2272 1007 2335 evanncit
1027 2270 1179 2347 distantia,
1195 2276 1225 2331 et
1238 2290 1303 2331 sun,

203 2386 280 2449 cedit
294 2387 479 2469 continuitas,
495 2408 545 2448 seu
560 2392 710 2449 contactus
726 2384 886 2447 absolutus.

243 2498 293 2560 19⁰.
317 2498 353 2559 Si
366 2498 423 2561 duo
437 2497 500 2561 sola
520 2520 641 2582 cmpora
662 2504 755 2560 essent
769 2497 801 2558 in
820 2496 938 2573 mnam,
958 2517 1017 2558 non
1038 2494 1182 2557 dictarunt
1201 2492 1238 2554 ab
1258 2493 1303 2554 in·

202 2608 311 2671 uicem:
334 2608 381 2671 ael
392 2609 495 2672 saltem
509 2630 728 2690 nonpossumus
743 2628 776 2670 ea
791 2615 826 2670 ut
840 2607 963 2669 inuicem
977 2606 1120 2669 distantia
1131 2604 1303 2686 intelliqere.

249 2722 313 2784 10⁰.
341 2722 473 2785 Vacmam
486 2721 546 2785 siae
560 2742 704 2803 maqnnm,
718 2720 779 2782 sive
787 2741 925 2801 parcum,
939 2719 999 2781 sive
1012 2718 1234 2795 accumulatum,
1243 2718 1304 2779 siae

203 2832 429 2911 disseminatum,
445 2841 488 2897 eat
503 2832 633 2896 absolute
646 2830 833 2916 impossibiie.

249 2943 324 3008 Haeo
339 2943 461 3008 Balmes
479 2943 605 3027 (Philos.
626 2942 842 3007 manliani.
859 2964 885 3013 c,
899 2943 954 3003 12.
971 2962 1002 3004 n.
1019 2943 1096 3023 82):
1120 2939 1174 3029 sed
1195 2939 1300 3003 statim

203 3053 288 3119 addit
307 3056 349 3137 (n.
366 3058 420 3139 83)
433 3080 443 3119 :¹
464 3058 622 3139 Appareru
641 3056 807 3119 absurditas
827 3054 1018 3137 quarumdam
1038 3077 1075 3117 ec
1096 3054 1143 3118 tau
1162 3056 1299 3136 monasi-

203 3168 339 3245 tionibus,
356 3178 384 3231 et
399 3168 524 3249 aliarum
538 3168 681 3250 plurium,
699 3188 773 3249 quas
788 3173 894 3249 postca
914 3188 1066 3249 monam,
1089 3167 1167 3249 coyit
1181 3189 1226 3228 mc
1240 3188 1305 3229 cre-⁴

202 3281 277 3359 dere,
292 3280 340 3344 oet
346 3282 527 3364 prinm'qrinm
541 3302 608 3343 mea
625 3281 861 3344 ratiocinationis
874 3302 932 3342 non
940 3281 1067 3362 penitus
1076 3300 1174 3342 errore
1186 3300 1301 3357 vacare,

200 3392 248 3455 oet
259 3392 457 3455 deductionem
471 3393 566 3473 ipsam
580 3391 688 3455 alicubi
703 3391 827 3454 latenter
835 3412 968 3473 peccare.
1028 3392 1031 3397 ’

245 3502 391 3581 Tandem,
407 3502 527 3581 omissis
543 3502 620 3580 aliis,
635 3502 689 3587 qui
704 3502 775 3587 plus
789 3501 838 3565 vel
851 3502 954 3565 minus
968 3500 1117 3565 accedunt
1132 3500 1172 3566 ad
1189 3522 1301 3585 prace-

202 3614 307 3678 dentes
322 3615 491 3700 opiniones,
509 3612 594 3678 Kant
612 3624 642 3677 et
664 3614 813 3677 Kantiani
833 3622 945 3699 putant
964 3613 1098 3699 spatium
1117 3612 1195 3676 nihil
1216 3612 1300 3677 aliud

200 3750 266 3792 esse
280 3727 341 3792 nisi
354 3728 483 3791 formam
502 3727 709 3805 subiectivani,
725 3735 756 3790 et
770 3726 919 3791 intuitum
933 3750 952 3790 a
965 3726 1078 3811 priori3
1101 3725 1185 3789 unde
1201 3725 1247 3803 fit,
1264 3733 1305 3787 ut·

199 3840 284 3903 iuxta
302 3839 385 3923 ipsos
405 3839 538 3924 spatium
560 3838 638 3902 reale
662 3838 783 3903 nullum
804 3839 921 3901 existat.
978 3838 1016 3902 V.
1035 3838 1158 3901 Balmes
1171 3837 1228 3901 loc.
1244 3838 1297 3901 cit.

138 3939 141 3947 ¹
199 3973 226 4015 c.
242 3951 301 4015 xvi,
718 4024 720 4030 k

222 4100 224 4107 ,
242 4066 274 4127 3.
297 4062 348 4126 Ad
362 4061 576 4126 inveniendam
590 4061 623 4125 in
638 4070 725 4125 tanta
740 4062 959 4126 sententiarum
977 4061 1127 4127 discordia
1141 4060 1299 4125 veritatem

198 4196 320 4238 necesse
343 4173 469 4237 omnino
493 4183 539 4237 est
563 4173 648 4253 scire,
675 4196 715 4237 an
742 4173 851 4238 debeat
873 4172 996 4238 admitti
1018 4171 1143 4257 aliquod
1165 4173 1301 4257 spatium

199 4309 328 4351 vacuum
343 4286 376 4349 in
384 4294 495 4351 natura
503 4308 607 4350 rerum
618 4286 760 4364 existens,
771 4296 802 4349 et
818 4285 935 4349 habens
950 4284 1196 4349 denotationem
1211 4283 1299 4348 rests

199 4400 271 4462 tatis
286 4398 449 4463 obiectivae.
498 4398 529 4461 Si
545 4398 628 4462 enim
641 4408 782 4463 constare
805 4398 938 4481 potuerit
953 4419 1082 4461 vacuum
1100 4419 1166 4460 esse
1185 4418 1308 4481 purum,

1070 4529 1091 4569 n
1106 4511 1127 4570 2
