3200 4984
221 399 291 446 car.
308 383 380 469 ιιι]
605 406 722 450 annun
740 408 970 452 manuninum.
1280 389 1320 466 ut

215 602 220 611 ·
265 572 310 636 Ex
330 572 380 637 bis
400 569 536 659 apparet,
553 578 852 659 argumentationem
876 577 907 641 S.
927 576 1053 641 Thomae
1074 574 1108 638 id
1130 572 1228 639 solum
1249 588 1321 639 cott-

219 684 347 764 vincere,
368 686 452 770 quod
480 688 583 751 anima
612 710 686 751 non·
705 687 744 751 sit
768 687 885 773 aliquid
911 686 1073 751 adveniens
1095 686 1321 751 accidentaliter

218 794 346 874 homini,
361 792 418 860 seu
436 798 554 882 corpori
566 806 601 861 ut
612 798 689 877 vivo,
698 821 795 883 quum
808 798 910 863 anima
925 798 991 882 ipsa
1006 820 1116 881 corpus
1132 796 1232 863 rivum
1249 820 1320 863 con-

218 906 338 970 stituat.
386 908 446 972 Sed
467 909 539 993 quia
557 910 589 972 S.
612 910 754 989 Thomas,
772 918 895 994 propter
915 908 1138 993 oppositionem
1158 908 1322 974 accidentis

218 1017 259 1080 ad
276 1018 490 1099 substantiam,
506 1043 629 1085 omnem
648 1021 778 1085 formam
799 1044 863 1085 non
881 1020 1097 1085 accidentalem
1114 1019 1231 1084 vocavit
1249 1020 1319 1083 sub-

193 1130 403 1210 stantialem,
426 1130 495 1194 ideo
523 1133 616 1196 etiam
639 1133 773 1196 animam
795 1132 920 1215 vocavit¹
934 1132 1064 1196 formam
1088 1130 1319 1197 substantialem

216 1239 352 1325 corporis
366 1242 505 1323 viventis,
521 1244 593 1328 quia
619 1253 665 1308 est
690 1243 727 1308 de
753 1244 884 1308 essentia
911 1243 1044 1327 corporis
1059 1243 1187 1307 viventis
1209 1243 1321 1319 habere

217 1352 352 1426 animam
372 1349 599 1419 informantem.
646 1355 748 1432 Quare
770 1355 975 1435 substantiale,
990 1356 1023 1419 in
1042 1356 1113 1425 ,eius
1128 1364 1319 1440 argumento,

216 1463 300 1527 idem
322 1458 401 1529 valet
422 1466 507 1550 quod
528 1468 681 1530 essentiale
702 1467 757 1530 tali
783 1478 913 1546 naturae,
936 1466 1019 1551 quod
1041 1466 1132 1531 etiam
1155 1468 1321 1553 opponitur

216 1577 403 1641 cromati.
449 1573 482 1642 'si
507 1600 596 1655 vero,
611 1578 642 1641 in
659 1579 738 1642 ‘eius
766 1587 960 1663 argumento,
985 1578 1194 1647 substantialis
1223 1579 1321 1645 forma

218 1686 342 1752 deberet
357 1689 437 1753 sumi
455 1712 511 1774 pro
525 1690 624 1754 forma
638 1690 731 1754 dante
746 1690 924 1774 simpliciter
938 1713 1005 1754 esse
1019 1689 1154 1755 materiae
1169 1712 1321 1775 corporeae

218 1807 254 1862 ut
276 1799 328 1878 sic,
344 1809 418 1864 tnnc
442 1822 564 1865 neccsse
586 1812 666 1864 esset
688 1801 787 1865 dicere
810 1800 893 1885 quod
915 1810 1132 1884 argumentum
1157 1802 1233 1865 nibil
1248 1825 1320 1867 con·

216 1910 335 1989 cludit3
359 1912 431 1996 qnia
444 1912 680 1978 fundamentum
696 1913 970 1996 argumentationis
993 1922 1039 1977 est
1060 1913 1112 1977 illa
1132 1915 1320 1999 propositio:

219 2023 416 2107 Manifestum
437 2023 580 2107 estquod
593 2027 724 2107 primm
744 2047 801 2106 quo
820 2046 924 2107 empus
941 2026 1014 2088 vivit
1031 2032 1075 2089 est
1089 2026 1197 2089 animo.
1244 2026 1321 2091 Haec

219 2143 321 2197 autem
344 2134 510 2219 propositio
532 2134 690 2220 applicato
711 2135 863 2219 principio
890 2136 976 2208 Qreod
1000 2137 1052 2199 dat
1075 2158 1136 2200 esre
1153 2136 1205 2199 dat
1224 2158 1322 2202 corne-

218 2248 337 2327 ‘quentia
351 2247 393 2309 cd
405 2269 465 2311 esce
479 2247 614 2311 ostendit
628 2246 712 2332 quod
726 2248 828 2310 anima
843 2246 919 2310 dans
932 2247 1029 2311 virere
1043 2246 1097 2315 dat
1111 2246 1203 2311 etiam
1218 2249 1322 2313 omnia

220 2378 290 2440 quae
305 2368 545 2443 consequuntur,
556 2367 592 2422 ut
606 2358 710 2443 ipsum
725 2358 900 2422 exercitium
917 2367 1008 2442 atquc
1018 2380 1124 2422 omnes
1133 2360 1323 2442 operationes

219 2470 291 2534 ritae
310 2470 464 2535 humanae.
509 2470 560 2534 Ad
579 2470 772 2555 probandum
790 2492 870 2549 vero,
892 2469 975 2554 quod
993 2470 1095 2533 anima
1115 2469 1167 2533 det
1187 2471 1321 2554 primum

220 2602 285 2645 esse
300 2581 479 2667 simpliciter
494 2582 676 2647 substantiae
694 2604 856 2666 corporeae,
873 2581 1057 2666 oportuisset
1074 2579 1224 2645 invertere
1244 2582 1322 2647 illud

221 2692 413 2778 principium,
436 2690 661 2779 et'supponere
683 2694 742 2758 boc
763 2701 936 2757 monstrum
960 2692 1138 2757 axiomatis:
1166 2694 1253 2767 Quod
1271 2695 1323 2757 dot

206 2808 423 2890 'cmneqcentia
437 2808 478 2870 od
490 2828 552 2869 esse
568 2806 620 2869 dot
637 2828 698 2869 ease
707 2832 716 2882 ;
739 2827 776 2869 ex
795 2827 867 2889 quo,
883 2805 956 2889 quia
973 2826 1083 2888 corpus
1101 2804 1210 2889 accipit
1225 2806 1323 2870 vivere

223 2917 318 3001 (quod
338 2927 386 2981 est
407 2940 598 3002 consequens
619 2917 659 2981 ad
680 2940 747 2981 esse
768 2916 958 3001 simpliciter)
980 2916 1144 2995 abanima,
1160 2917 1323 2983 inferretur

218 3029 303 3112 quod
317 3028 354 3093 ab
369 3029 475 3093 eadem
490 3029 599 3113 accipit
614 3029 706 3093 etiam
720 3028 821 3113 ipsum
837 3051 903 3092 essc
919 3027 1096 3112 simpliciter
1110 3050 1228 3114 corpur.
1262 3029 1323 3093 Sed

220 3162 282 3202 non
297 3140 340 3205 sic
355 3142 502 3225 processit
518 3142 550 3204 S.
566 3140 709 3217 Thomas,
724 3148 761 3202 ut
775 3138 899 3203 evidens
914 3148 971 3202 est.
1006 3138 1078 3202 Nou
1094 3161 1167 3224 ergo
1183 3139 1322 3223 probavit

219 3250 353 3314 animam
378 3251 449 3315 dare
474 3251 592 3335 corpori
616 3250 751 3336 primum
774 3272 841 3314 esse
864 3272 974 3333 corpus
998 3258 1034 3313 ut
1058 3250 1110 3329 sie,
1127 3250 1181 3314 sed
1198 3260 1320 3315 tantum

219 3361 291 3426 dare
312 3359 431 3448 corpori
453 3364 587 3447 primum
609 3384 674 3425 esse
696 3383 807 3445 corpus
829 3361 942 3425 vivum.
987 3362 1070 3446 Ergo
1092 3336 1320 3445 probavit‚'nori

218 3473 352 3538 animam
364 3496 430 3537 esse
449 3474 579 3537 formam
594 3472 829 3537 substantialem
843 3472 957 3550 stricte,
973 3471 1027 3535 sed
1040 3472 1110 3551 late,
1127 3454 1216 3536 idest
1231 3482 1321 3537 natu-

219 3585 323 3649 ralem.
369 3586 435 3650 Nec
456 3585 540 3648 iuvat
562 3584 701 3663 obiicere,
718 3583 811 3668 quod,
826 3583 910 3646 iuxta
925 3582 1122 3647 Aristotelem
1145 3592 1176 3647 et
1193 3584 1321 3671 stho-

220 3719 313 3776 mam,
322 3699 417 3760 vinem
430 3697 592 3760 moeotidas
605 3694 649 3760 est
663 3718 742 3772 esse3
765 3705 796 3757 et
811 3702 980 3778 propterca,
991 3693 1017 3757 si
1031 3693 1133 3758 anima
1143 3695 1195 3758 dat
1204 3697 1321 3779 corpori

218 3808 327 3885 vivere,
342 3806 448 3871 eadem
463 3806 565 3871 anima
579 3806 633 3869 dat
648 3828 714 3869 esse
728 3804 856 3889 corpori.
903 3805 984 3867 Nam
1004 3804 1092 3869 facile
1107 3805 1319 3889 respondetur,

219 3920 354 3984 animam·
370 3918 416 3982 illi
434 3918 506 3981 dare
523 3940 598 3997 esse,
614 3916 664 3981 cui
681 3917 734 3981 dat
748 3916 868 3994 vivere3
893 3914 946 3979 sed
964 3915 1017 3978 dat
1032 3915 1273 4004 virere-bomini,
1288 3918 1321 3982 id

216 4040 265 4095 est
279 4032 451 4109 coniuncto,
463 4051 526 4093 non
538 4028 656 4113 corpori
670 4037 706 4092 ut
721 4027 785 4106 sic;
808 4048 881 4112 ergo
897 4026 949 4091 dat
963 4050 1029 4091 esse
1043 4026 1171 4107 bomini,
1181 4050 1243 4093 non
1255 4052 1320 4095 cor·

218 4142 285 4227 pori
299 4150 334 4205 ut
350 4141 404 4205 sic.
449 4140 562 4219 Quare,
578 4139 711 4203 admisso
725 4140 810 4224 quod
824 4140 918 4203 meere
932 4140 1149 4205 maeatibusest
1164 4163 1233 4221 esse,
1243 4142 1320 4205 nibil

219 4252 304 4316 aliud
321 4252 469 4337 sequitur,
489 4251 548 4315 nisi
571 4250 655 4335 quod
675 4251 819 4335 mimum,
837 4272 897 4334 quo
914 4252 998 4314 bomo
1013 4250 1096 4330 vivit,
1111 4260 1158 4315 eat
1176 4252 1320 4336 primum,

220 4383 281 4448 qno
303 4366 464 4428 temneat.
508 4362 581 4427 ⁴Hoc
603 4372 705 4426 autem
728 4362 810 4426 ultro
833 4362 965 4425 latemur
987 4384 1051 4425 esse
1069 4362 1215 4426 animam.
1259 4362 1322 4427 Sed
