3200 4984
295 348 339 411 90
609 368 653 413 nn
668 368 874 415 snasrasrra
890 367 1074 411 consonus.
1277 347 1365 431 [car.
1384 365 1407 408 1.

295 533 399 601 dinem
414 542 486 601 actu
500 534 663 612 infinitam,
682 542 750 599 tum
768 536 841 620 quia
861 533 998 619 plerique
1017 533 1173 618 negabant
1187 532 1281 597 talem
1297 532 1401 599 multi-

296 646 437 710 tudinem
453 668 520 710 esse
539 644 726 731 possibilem,
748 654 815 710 tum
837 646 909 730 quia
930 645 1061 724 etiamsi,
1079 643 1219 709 absolute
1237 644 1402 730 loquendo,

294 767 374 827 esset
398 757 551 843 possibilis
576 756 671 843 (quod
690 767 721 822 et
741 780 798 843 ego
819 766 908 823 teneo
926 757 959 821 iu
982 765 1114 821 tractatu
1134 755 1172 823 de
1193 756 1326 841 infinito)
1351 757 1402 823 hic

295 878 400 937 tamen
421 890 486 935 non
506 877 611 954 posset
631 868 734 935 locum
755 869 878 948 habere,
900 890 997 953 quum
1023 876 1134 952 agatur
1157 867 1196 933 de
1218 867 1400 933 substantiis

293 980 478 1047 habentibus
492 980 630 1066 undiquc
643 980 783 1060 limitem,
798 979 832 1046 id
847 988 893 1045 est
907 980 1042 1065 primum
1057 987 1088 1045 et
1100 978 1267 1043 ultimum:
1290 979 1397 1043 multi-

293 1092 372 1159 tudo
385 1100 488 1158 autem
503 1092 592 1157 realis
606 1091 722 1159 habens
736 1091 870 1177 primum
890 1100 921 1157 et
940 1090 1087 1157 ultimum
1102 1089 1211 1155 debeat
1228 1090 1398 1155 necessario

293 1226 359 1269 esse
372 1203 471 1271 finita.
516 1203 601 1269 Hinc
617 1203 658 1269 ad
677 1202 848 1268 evitandam
869 1202 1078 1267 difficultatem
1097 1201 1270 1267 debuerunt
1285 1224 1398 1286 negare

293 1336 417 1381 omnem
431 1314 662 1381 multitudinem
677 1314 829 1381 actualem
842 1314 876 1378 in
891 1314 1048 1394 continuo,
1063 1321 1263 1398 praetexentes
1274 1336 1397 1379 omnem

292 1425 443 1492 actualem
465 1424 697 1491 multitudinem
720 1427 793 1491 oriri
816 1448 853 1491 ex
875 1425 1042 1503 divisione;
1072 1434 1103 1491 et
1127 1426 1171 1491 sic
1196 1446 1260 1489 nou
1285 1424 1398 1491 babere

291 1539 395 1603 locum
417 1539 450 1603 in
472 1537 619 1604 continuo
632 1546 704 1603 actu
717 1537 859 1619 indiviso,
871 1546 980 1623 utpote
994 1538 1027 1602 in
1043 1560 1104 1623 quo
1118 1546 1165 1602 est
1180 1537 1244 1601 sola
1258 1536 1397 1622 potentia

292 1650 460 1729 divisionis,
475 1672 511 1715 ac
525 1648 746 1715 multitudinis.

336 1760 519 1845 Respondeo
533 1761 677 1827 secundo.
723 1761 757 1825 Si
777 1761 869 1827 detur
886 1760 1013 1826 materia
1035 1760 1191 1840 continua,
1210 1758 1275 1824 eius
1295 1766 1397 1844 partes

191 1898 195 1905 ’
291 1871 386 1936 reales
401 1872 532 1937 efficient
547 1872 658 1937 realem
673 1872 904 1936 multitudinem
917 1880 997 1937 ηοω.
1041 1872 1134 1937 Prob.
1148 1875 1191 1936 1⁰.
1215 1870 1397 1935 Potentibus

291 1984 480 2063 adversariis,
495 1984 677 2049 continuum
692 1984 848 2049 materiale
860 1993 906 2049 est
921 1992 991 2049 actu
1002 1993 1034 2049 et
1044 1983 1165 2049 realiter
1180 1982 1394 2068 compositum.

292 2096 376 2179 llrgo
394 2095 576 2159 continuum
598 2096 754 2161 materiale
774 2094 868 2161 habet
891 2105 993 2181 partes
1014 2095 1109 2160 reales
1132 2106 1204 2159 ηοω
1226 2094 1396 2174 distinctas,

292 2207 325 2272 id
351 2219 398 2273 est
421 2230 552 2293 quarum
575 2230 638 2272 una
661 2230 725 2274 non
750 2217 797 2272 est
823 2208 889 2273 alia
942 2208 1050 2272 Partes
1073 2214 1176 2271 autem
1201 2206 1296 2271 reales
1326 2215 1396 2271 ηοω

291 2319 443 2385 distinctae
466 2320 601 2385 efficiunt
618 2320 852 2385 multitudinem
872 2319 982 2384 realem
1004 2318 1173 2398 actualem3
1195 2342 1268 2382 nam
1290 2317 1396 2382 multi-

290 2432 367 2498 tudo
381 2454 444 2497 non
459 2440 506 2497 est
520 2432 581 2496 nisi
595 2432 669 2496 unio
684 2431 910 2496 distinctorum.
946 2431 1031 2515 Ergo
1044 2430 1078 2495 in
1089 2430 1236 2495 continuo
1247 2430 1395 2494 materiali

290 2553 337 2609 est
360 2544 488 2610 actualis
512 2543 690 2608 multitudo.
746 2547 791 2609 2⁰.
816 2544 850 2607 Si
874 2542 1043 2607 multitudo
1066 2564 1130 2607 non
1153 2550 1233 2607 esset
1256 2541 1393 2623 actualis,

290 2656 350 2721 nisi
364 2678 420 2741 per·
441 2654 589 2721 actualem
609 2654 799 2734 divisionem,
820 2654 913 2719 etiam
936 2662 1039 2739 partes
1056 2675 1120 2718 non
1134 2661 1237 2718 esseut
1252 2653 1394 2733 actuales,

290 2768 351 2843 nisi
376 2776 446 2852 post
472 2766 713 2851 separationem,
740 2774 771 2829 et
797 2766 841 2831 sic
869 2766 903 2830 in
929 2766 1076 2832 continuo
1101 2765 1231 2831 indiviso
1255 2765 1393 2845 nondum

290 2888 392 2943 essent
421 2887 524 2963 partes
558 2877 691 2942 actuales
720 2877 836 2941 reales:
875 2878 929 2943 sed
964 2878 1048 2963 quod
1081 2900 1144 2942 non
1173 2877 1265 2943 habet
1293 2886 1395 2963 partes

290 2990 386 3055 reales
414 2989 549 3053 actuales
570 2998 617 3053 est
639 2987 842 3066 indivisibile3
873 3010 947 3073 ergo
973 2989 1155 3053 continuum
1182 2997 1262 3054 esset
1284 2987 1395 3053 indivi-

290 3101 398 3179 sibile;
434 3109 466 3165 et
494 3102 538 3165 sic
574 3122 637 3164 non
670 3100 841 3165 contineret
876 3100 1111 3165 multitudinem
1145 3122 1203 3166 nec
1235 3107 1306 3165 actu
1338 3121 1395 3165 nec

289 3213 437 3300 potentia.
486 3212 578 3277 Prob.
608 3212 684 3277 min.
734 3212 817 3277 Nam
841 3233 910 3297 quae
936 3221 1010 3277 actu
1034 3234 1098 3278 non
1123 3220 1206 3292 sunt,
1235 3222 1394 3298 nequeunt

290 3326 424 3411 separari
438 3325 476 3389 ab
490 3325 631 3389 invicem.

334 3438 419 3504 Hinc
436 3445 562 3522 apparet
583 3435 789 3521 equivocatio,
808 3458 870 3521 qua
887 3435 1033 3501 nituntur
1051 3435 1251 3521 peripatetici,
1271 3436 1395 3520 quando
1486 3501 1489 3507 ,

290 3557 405 3633 negant
419 3547 650 3612 multitudinem
666 3556 739 3613 actu
752 3548 907 3612 infinitam
921 3570 988 3613 esse
1008 3547 1041 3612 in
1062 3570 1118 3612 suo
1136 3548 1282 3613 continuo
1297 3556 1392 3613 mate·

289 3660 367 3728 riali.
422 3659 618 3725 Identificant
637 3661 720 3723 enim
740 3668 842 3745 partes
860 3659 966 3740 reales,
987 3667 1025 3723 ut
1044 3668 1116 3724 ηοω
1132 3660 1300 3725 formaliter
1318 3662 1351 3724 in
1364 3683 1396 3725 se

288 3770 453 3835 existentes
467 3791 523 3855 per
539 3769 720 3836 distinctum
742 3776 846 3834 aetum
866 3769 997 3851 essendi,
1018 3792 1088 3833 cum
1111 3770 1259 3855 partibus,
1281 3780 1315 3834 ut
1331 3771 1392 3836 for-

289 3882 410 3947 maliter
423 3890 495 3947 actu
508 3890 643 3966 separate
657 3880 870 3961 existentibus,
886 3903 940 3945 seu
954 3878 1059 3945 divisis
1078 3880 1117 3945 ab
1135 3882 1265 3947 invicem
1279 3892 1311 3948 et
1325 3882 1393 3949 loeo

289 3992 494 4063 distantibus:
512 3991 603 4057 idest
614 3991 809 4058 confimdunt
818 4013 884 4057 esse
898 3991 1017 4056 actuale
1030 3992 1074 4056 rei
1089 4014 1160 4057 cum
1175 3994 1266 4059 modo
1281 3994 1394 4061 actuali

289 4105 410 4169 essendi
433 4105 478 4168 rei
503 4104 536 4170 in
557 4104 643 4185 loco,
665 4112 698 4169 et
726 4113 875 4189 negantes
904 4104 998 4168 talem
1026 4105 1153 4170 modum
1177 4106 1392 4172 accidentalem

289 4215 410 4279 essendi
424 4213 592 4294 actualiter,
607 4214 641 4279 id
658 4223 705 4279 est
720 4214 941 4299 separationem
957 4215 1127 4296 formalem,
1142 4215 1218 4281 falso
1232 4226 1345 4302 putant
1361 4242 1393 4282 se

288 4348 377 4412 posse
396 4325 558 4410 procedere
577 4325 617 4390 ad
639 4325 833 4412 negationem
854 4326 950 4410 ipsius
973 4349 1038 4391 esse
1060 4327 1195 4392 actualis.
1242 4329 1370 4395 Brevius
1380 4356 1390 4409 3
