3200 4984
298 344 364 408 218
623 366 667 411 os
683 366 888 412 sussrauma
899 365 1080 411 consocies.
1239 346 1327 433 [ear.
1338 366 1400 416 111·

296 532 444 619 entieipet
476 542 508 599 et
540 536 704 619 preveniat
737 535 892 600 sensibilia
921 536 1122 621 phaenomena
1156 535 1400 621 compressionis,

296 644 464 727 treetionis,
479 645 618 711 flexionis
632 656 663 711 et
678 648 840 713 torsionis:
856 657 887 712 et
902 656 990 712 tanto
1004 647 1101 712 maior
1115 657 1266 728 censetur,
1282 656 1398 733 quanto

296 756 443 822 maiorem
464 757 646 824 renationem
667 758 820 844 producit.
866 760 991 825 Reaetio
1011 768 1116 824 autem
1135 759 1316 843 haeepotest
1332 781 1398 824 esse

296 864 392 939 maior
409 869 457 935 vel
476 870 578 936 minor
597 871 712 956 duplici
736 871 846 937 modo:
870 871 980 955 primo,
1005 879 1097 956 prout
1120 875 1214 957 macie
1235 874 1283 937 vel
1301 876 1399 938 minue

289 992 427 1069 prmrpte
436 985 556 1069 reegit3
571 984 715 1065 seeundo,
731 994 823 1069 prout
837 986 932 1068 mapis
945 984 992 1049 vel
1003 987 1099 1049 minue
1113 987 1254 1070 conplete.
1266 985 1400 1051 destruit.

295 1096 437 1162 effectum
451 1097 581 1162 actionis
596 1104 735 1162 externae.

338 1208 475 1273 Maxima
494 1217 541 1273 est
560 1207 723 1273 elastieitas
744 1207 896 1292 inprime
919 1230 1021 1287 sensu,
1042 1208 1167 1294 quando
1185 1208 1230 1272 ita
1255 1218 1396 1295 prompte

294 1321 390 1403 reagit
411 1320 445 1383 in
460 1321 523 1384 vim
537 1328 702 1399 externam,
718 1329 754 1384 nt
769 1342 833 1383 non
848 1320 929 1383 unat
950 1342 1007 1384 nos
1021 1318 1175 1385 advertere
1193 1321 1394 1385 mutationem

293 1430 427 1515 aliquem
446 1430 477 1495 vi
496 1439 621 1503 externa
634 1430 827 1516 productam,
842 1429 897 1495 sed
918 1416 1095 1495 immediate
1116 1440 1267 1496 restaurat
1286 1454 1396 1517 eorpus

292 1542 325 1605 in
348 1550 431 1606 stetu
452 1541 600 1626 pristino:
623 1551 660 1607 ut
682 1564 754 1607 cum
769 1564 876 1606 saxum
896 1564 968 1606 saxo
988 1565 1168 1627 percussum
1190 1566 1253 1607 nou
1275 1544 1395 1607 videtur

291 1654 405 1717 moveri
415 1653 589 1719 intrinsece.
623 1654 760 1719 Maxima
769 1676 840 1718 vero
854 1662 902 1717 est
916 1654 1080 1719 elasticitas
1094 1656 1128 1719 in
1143 1655 1278 1719 secundo
1291 1678 1393 1735 sensu,

291 1764 414 1850 qnando
437 1773 538 1829 totum
568 1766 710 1830 effectum
734 1765 864 1830 aetionis
878 1775 1010 1830 externae
1033 1765 1173 1831 destruit.
1219 1767 1393 1852 Utrumque

292 1875 458 1959 iungendo,
473 1875 637 1941 elastieitos
657 1875 797 1941 absolute
810 1884 902 1941 rann
915 1876 1014 1941 maior
1034 1879 1234 1963 erit,.quanto
1248 1877 1392 1943 maiorem

289 1988 437 2055 effectum,
447 1987 565 2052 minore
578 1997 715 2072 tempore
730 1988 877 2052 destruet.

333 2100 436 2164 lltiem
458 2122 585 2185 empore
614 2100 690 2164 dnra
714 2099 830 2163 habent
859 2098 1072 2163 clastieitatem
1100 2098 1275 2163 absolutam
1302 2109 1391 2165 tanto

290 2216 445 2293 maiorem,
469 2221 584 2298 quanto
602 2220 676 2276 sunt
699 2211 822 2276 duriora
832 2237 842 2290 3
864 2234 937 2274 num
951 2210 1030 2275 vires
1051 2211 1249 2275 moleeulares
1270 2213 1303 2275 in
1325 2234 1391 2277 eor·

290 2346 364 2409 pore
384 2324 461 2389 duro
482 2324 526 2389 ita
548 2332 690 2409 prompte
710 2332 742 2388 et
763 2322 897 2407 perfecte
916 2330 1058 2406 reagunt,
1073 2331 1110 2387 ut
1126 2345 1190 2387 non
1214 2324 1317 2388 sinant
1339 2324 1391 2389 ed-

289 2437 366 2501 verti
388 2436 635 2503 mutationemvi
654 2444 778 2501 externe
797 2434 989 2520 productum,
1005 2434 1059 2499 sed
1078 2434 1254 2499 immediate
1274 2440 1390 2500 restau-

288 2558 358 2614 rent
383 2572 494 2635 eorpus
515 2549 549 2613 in
570 2547 814 2633 stetupristino.
860 2546 933 2611 Non
959 2551 1063 2610 tamen
1087 2545 1232 2611 dicuntur
1255 2548 1389 2627 elastiee,

276 2661 342 2741 sed
356 2661 432 2725 dura
440 2686 451 2740 ς
473 2659 544 2746 quie
558 2658 677 2746 physici
692 2667 874 2744 acceperunt
889 2657 1070 2722 vocabulum
1085 2681 1122 2722 ex
1136 2660 1293 2724 communi
1307 2682 1388 2739 usu;

287 2782 318 2838 et
332 2775 365 2837 in
380 2772 536 2838 communi
548 2794 608 2837 usu
624 2770 851 2836 consideremus
871 2770 971 2834 solum
984 2770 1069 2834 illam
1084 2765 1304 2852 elestieitatem,
1321 2794 1390 2857 quse

285 2908 341 2971 per
364 2886 538 2951 sensibilem
560 2884 744 2949 coactionem
770 2882 992 2948 manifestetur.
1039 2883 1142 2960 Quare
1171 2906 1285 2948 nomen
1309 2884 1388 2948 elas-

284 2996 411 3062 tieitutis
433 2997 516 3081 apud
532 2996 674 3083 physicos
696 3017 819 3082 quoquc
839 3001 1036 3079 repraesentat
1057 2992 1268 3059 elesticitatem
1290 2995 1386 3060 sensi-

285 3106 387 3186 bilem,
402 3129 467 3171 non
486 3107 658 3173 absolutam
667 3133 678 3186 ;
701 3115 735 3184 et
746 3106 812 3171 haee
833 3104 927 3189 exigit
949 3113 986 3168 nt
1005 3125 1115 3189 eorpus
1137 3104 1218 3169 sinat
1239 3128 1272 3170 se
1288 3106 1387 3170 modi·

284 3219 367 3283 ficari
381 3220 556 3284 sensibiliter
569 3218 734 3304 pressione,
751 3217 909 3296 tructione,
923 3216 1052 3281 flexione
1072 3215 1120 3280 vel
1140 3217 1284 3298 torsione,
1298 3228 1387 3282 ante·

285 3353 377 3417 quam
391 3330 503 3395 reeetio
516 3330 628 3395 hebeat
642 3330 795 3394 effectum.

326 3442 500 3508 lllustieitas
522 3441 646 3507 relativa
661 3448 748 3504 tanto
763 3448 810 3503 est
829 3439 928 3503 maior
940 3447 1057 3524 quanto
1077 3438 1223 3504 maiorem
1241 3440 1383 3506 effoetum

284 3554 457 3621 sensibilem
472 3554 583 3618 minori
597 3561 736 3637 tempore
748 3551 913 3637 perfectius
928 3550 1068 3615 destruit.
1352 3541 1355 3546 ⁵

324 3669 402 3732 128.
424 3665 544 3752 Corpus
566 3665 710 3730 resistens
723 3662 874 3748 pressioni
896 3662 950 3742 itu,
965 3670 1001 3725 ut
1024 3684 1088 3725 non
1113 3661 1256 3727 admittat
1283 3663 1378 3726 sensi·

282 3779 375 3844 bilem
390 3776 634 3858 diminutionem,
649 3784 703 3839 aut
719 3774 970 3839 deformationem
984 3772 1158 3852 voluminis,
1173 3772 1287 3837 dieitur
1308 3773 1382 3837 sim-

280 3890 400 3976 pliciter
414 3893 527 3955 durum.
572 3888 693 3974 Corpus
713 3886 859 3952 resistens
873 3884 1015 3950 tractioni
1036 3885 1089 3965 ita,
1104 3893 1140 3949 ut
1154 3883 1382 3969 elongationem

281 4003 455 4068 sensibilem
474 4000 648 4066 difficillime
665 3999 800 4085 patietur
822 3998 935 4062 dieitur
958 4005 1065 4062 tenue:
1092 3994 1176 4081 qnod
1199 3995 1380 4087 vocabulum

280 4114 445 4199 improprie
467 4113 559 4177 etium
573 4111 737 4177 adhibetur
750 4110 791 4175 ad
810 4108 1014 4193 designandas
1036 4107 1224 4172 substantias
1238 4107 1379 4174 viscosus.

282 4224 401 4309 Corpus
416 4245 478 4287 non
498 4222 664 4287 admittens
681 4220 842 4285 flexionem
856 4228 910 4284 aut
929 4220 1095 4284 torsionem
1110 4218 1221 4284 dieitur
1241 4220 1378 4304 riyidcm.

281 4336 322 4399 Ilt
337 4357 372 4398 ex
389 4334 478 4399 dietis
500 4332 587 4397 facile
607 4340 653 4396 est
671 4352 853 4415 cognoscere
870 4330 982 4415 quihus
1000 4330 1226 4396 conditionibus
1248 4330 1378 4399 debeant
