3200 4984
207 390 276 436 cnr.
292 372 363 458 ιη]
571 390 690 437 annun
707 390 941 437 usnuasnrun.
1269 370 1313 435 ⁷⁷

250 561 303 624 64.
325 558 372 623 Ex
395 557 589 643 supradictis,
608 559 728 623 theoria
751 558 950 645 peripatetica
967 557 1006 623 de
1025 557 1220 642 generatione
1238 556 1312 623 sub·

207 670 328 735 stantiae
342 670 492 734 naturalis
508 670 626 754 indiget
641 670 920 735 modificationibus
935 681 966 734 et
984 670 1227 736 restrictionibus
1248 688 1319 735 non·

204 784 321 869 paucis,
345 806 422 870 quas
446 783 637 848 ostendimus
661 784 726 848 suis
750 783 836 849 locis.
897 782 979 859 Quia
1005 804 1076 848 vero
1100 782 1160 868 ipsi
1180 790 1313 848 utuntur

208 896 393 982 quibusdam
412 895 615 960 axiomatibus
634 904 702 959 tum
721 895 760 960 ad
779 891 937 981 probanda
956 918 1025 980 quae
1049 894 1165 974 dicunt,
1181 903 1249 959 tum
1273 894 1313 960 ad

208 1007 364 1093 urgendos
388 1007 584 1087 adversarios,
606 1016 756 1092 superest,
776 1016 813 1071 ut
833 1008 883 1071 hic
907 1007 1056 1072 addamus
1081 1007 1214 1071 indicem
1236 1029 1313 1091 prae-

210 1120 371 1203 cipuorum
390 1119 575 1183 axiomatum
596 1118 783 1199 huiusmodi,
799 1128 831 1183 et
846 1118 1000 1203 duplicem
1023 1140 1156 1199 sensum,
1172 1118 1199 1184 si
1220 1140 1313 1204 quem

209 1229 335 1308 habent,
350 1229 559 1294 ostendamus.

254 1342 394 1406 Primum
431 1340 559 1405 axioma.
605 1341 751 1404 Accidens
778 1341 967 1424 consequitur
994 1340 1198 1407 substantiam.
1254 1340 1313 1405 Di-

211 1451 431 1537 stinguendum
466 1461 523 1516 est.
573 1450 780 1536 Consequitur
801 1474 868 1515 eam
900 1452 1103 1517 substantiam
1133 1454 1314 1534 naturalem,

212 1566 300 1630 euius
328 1573 375 1628 est
404 1563 553 1643 accidens,
584 1564 715 1628 concedo.
769 1562 977 1648 Consequitur
1006 1587 1072 1629 eam
1110 1565 1314 1630 substantiam

211 1676 392 1755 naturalem,
408 1676 495 1741 cuius
520 1684 654 1739 nonest
679 1675 818 1739 accidens
844 1698 926 1760 nepo.
973 1672 1023 1739 Sic
1043 1677 1224 1762 compositio
1243 1699 1315 1741 con·

212 1789 351 1875 sequitur
365 1796 477 1873 partes,
493 1809 623 1873 quarum
640 1795 686 1850 est
701 1786 851 1866 accidens,
867 1809 930 1851 non
945 1797 1048 1851 autem
1068 1796 1211 1853 naturam
1231 1811 1315 1853 conr·

212 1904 355 1987 positam,
374 1924 430 1965 seu
452 1900 655 1965 substantiam
683 1900 865 1978 naturalem,
886 1900 974 1964 cuius
999 1909 1046 1965 est
1071 1901 1316 1967 constitutivum.

212 2014 254 2080 lit
276 2015 416 2079 similiter
434 2012 466 2076 in
487 2011 696 2076 artificialibus
710 2013 810 2095 figura
825 2011 980 2076 annularis
996 2014 1193 2098 consequitur
1206 2035 1316 2077 aurum

214 2129 302 2192 cuius
315 2135 363 2191 est
377 2125 526 2203 accidens,
542 2146 605 2189 non
621 2132 722 2188 autem
738 2123 898 2202 annulum,
911 2123 999 2187 cuius
1014 2131 1061 2187 est
1073 2123 1317 2189 constitutivum.

216 2240 295 2305 Vide
309 2262 412 2326 supra.

259 2352 434 2417 Secundum
449 2352 573 2416 axioma.
620 2349 674 2415 En
693 2351 805 2414 dnobus
823 2350 936 2413 entibus
953 2351 985 2412 in
1007 2356 1076 2413 actu
1095 2370 1154 2411 non
1167 2347 1209 2433 fit
1228 2370 1317 2411 unum

209 2488 267 2549 per
280 2484 320 2529 se.
373 2464 649 2547 Distinguendum.
706 2461 778 2526 Non
802 2462 838 2524 fit
860 2484 958 2524 unum
980 2482 1035 2545 per
1056 2482 1088 2523 se
1110 2460 1246 2523 eiusdem
1261 2482 1318 2522 no-

215 2577 306 2640 minis
320 2578 451 2640 concedo.
497 2576 618 2639 Diversi
633 2574 768 2639 nominis
782 2596 865 2657 nepo.
911 2572 981 2645 Hoc
995 2572 1179 2657 principium
1195 2572 1318 2635 admitti

216 2689 323 2773 nequit
339 2690 405 2753 sine
420 2686 625 2767 distinctione,
641 2686 701 2749 nisi
716 2685 841 2771 quando
856 2685 959 2768 agitur
973 2684 1012 2748 de
1028 2684 1167 2769 simplici.
1202 2682 1319 2747 Contra

216 2822 285 2865 vero
306 2820 398 2864 omne
419 2798 622 2884 compositum
645 2797 737 2861 habet
759 2804 832 2862 actu
852 2796 951 2881 plura,
967 2818 1036 2881 quae
1051 2795 1220 2860 secundum
1234 2794 1319 2880 quod

217 2920 290 2975 sunt
305 2911 458 2990 distincta,
474 2919 550 2974 sunt
564 2909 653 2995 plura
671 2909 705 2972 in
727 2916 809 2987 actu,
826 2908 995 2973 secundum
1010 2930 1080 2972 vero
1102 2907 1186 2993 quod
1202 2907 1318 2971 habent

216 3046 314 3087 unum
337 3045 449 3087 nexum
472 3044 677 3101 communem,
698 3029 775 3094 sunt,
794 3043 891 3084 unum
915 3020 1129 3105 compositum.
1175 3020 1320 3083 Mutatur

212 3158 286 3202 ‚vero
315 3157 445 3199 nomen:
473 3157 546 3198 nam
574 3134 608 3198 in
638 3132 807 3217 composito
836 3154 872 3195 ex
901 3131 1021 3196 duabus
1051 3130 1230 3196 substantiis
1255 3152 1318 3195 non

215 3247 347 3311 habetur
368 3270 431 3311 una
452 3269 506 3331 per
528 3268 561 3309 se
583 3245 765 3323 substantia,
781 3244 836 3308 sed
858 3243 989 3307 habetur
1004 3265 1067 3307 una
1082 3265 1136 3327 per
1151 3264 1183 3307 se
1197 3250 1318 3320 natura,

217 3358 297 3423 sicut
321 3358 354 3421 in
379 3356 515 3435 homine,
538 3355 625 3420 etin
648 3353 733 3418 omni
762 3338 932 3437 composito
955 3352 1098 3432 naturali,
1125 3352 1217 3416 etiam
1242 3373 1320 3436 pure

217 3471 375 3550 materiali,
391 3478 426 3533 ut
441 3468 573 3533 diximus
589 3489 681 3551 supra
700 3466 738 3530 de
760 3487 841 3550 aqua
851 3492 861 3545 ;
885 3464 957 3550 quia
975 3473 1085 3528 natura
1103 3486 1189 3549 aquae
1210 3486 1266 3548 per
1287 3486 1319 3529 se

216 3583 344 3669 requirit
365 3581 459 3646 talem
481 3579 708 3667 proportionem
731 3578 865 3662 partium
888 3585 919 3641 et
937 3576 1030 3639 talem
1049 3574 1319 3640 coordinationem.

214 3694 407 3779 Compositio
418 3701 521 3757 autem
533 3692 668 3778 partium
680 3690 858 3775 simpliciter
869 3688 1093 3773 integrantium
1104 3687 1319 3774 quantitatem,

216 3807 373 3871 evidenter
387 3827 451 3869 non
467 3803 558 3868 efficit
571 3802 632 3867 nisi
647 3824 744 3866 unum
759 3818 814 3886 per
829 3794 978 3865 accidens.

261 3919 398 3982 Tertium
427 3916 554 3981 axioma.
605 3916 750 3978 Primum
778 3936 840 3976 esse
869 3920 913 3975 est
941 3914 1081 3975 terminus
1106 3914 1319 3995 ⁸pcntcrutionis.

214 4030 355 4094 Primum
371 4050 437 4093 esse
452 4035 570 4090 naturae
584 4026 770 4090 conceditur:
792 4024 927 4107 primum
943 4042 1008 4086 esse
1022 4022 1055 4085 in
1071 4044 1102 4087 se
1117 4044 1171 4088 seu
1185 4024 1321 4108 primum

216 4164 284 4207 esse
300 4140 489 4216 substantiae,
504 4146 640 4222 negatur.

262 4253 415 4330 Quartum
437 4250 564 4314 axioma.
610 4250 694 4312 Inter
715 4270 766 4311 cnse
786 4256 817 4311 et
838 4268 897 4311 non
917 4268 967 4310 cns
981 4246 1069 4310 datur
1083 4248 1216 4326 medium,
1232 4248 1265 4310 id
1278 4256 1322 4311 est

212 4367 349 4450 pntcrdiu
372 4363 463 4427 realis
484 4369 515 4425 et
533 4362 674 4445 positiva.
721 4355 845 4423 Falsum
871 4366 938 4436 est,
976 4358 1047 4441 quia
1070 4358 1207 4442 potentia
1231 4359 1322 4421 realis
