3200 4984
297 378 362 441 236
595 400 636 443 nr
653 400 858 443 sunsrinrra
875 399 1054 443 conronna.
1235 378 1320 461 [car.
1338 397 1394 439 111.

298 569 396 633 solum
413 569 568 633 moleculae
590 570 669 633 aeris
689 570 804 634 habent
819 569 1003 633 vibrationes
1025 570 1150 633 diversae
1172 567 1343 652 rupiditatis
1365 576 1397 632 et

296 683 508 766 longitudinis,
533 683 585 747 sed
608 684 700 747 etiam
722 683 837 746 habent
857 682 990 767 aliquam
1006 682 1096 745 aliam
1111 681 1312 759 affectionem,
1328 702 1397 765 quae

296 795 336 858 sit
358 794 482 878 quidam
506 794 614 858 modus
636 795 767 859 afficiens
789 795 997 858 intensitatem
1019 794 1236 870 vibrationum,
1256 801 1287 855 et
1309 791 1397 875 quasi

295 907 426 989 figuram
442 905 637 985 intensitatis,
653 906 700 970 vel
717 906 847 990 speciem
860 928 968 984 eurvae,
981 928 1042 989 qua
1056 904 1217 970 intensitaa
1232 925 1397 987 repraesen-

296 1018 354 1081 tari
369 1019 476 1102 possit,
520 1018 652 1102 Insuper
666 1018 773 1102 nequit
789 1017 858 1096 diei,
867 1040 963 1080 unam
973 1016 1170 1080 vibrationem
1182 1016 1261 1079 aeris
1275 1015 1395 1092 habere,

296 1138 332 1193 ut
347 1130 390 1193 ita
405 1130 513 1207 dicam,
529 1138 631 1213 partes
651 1128 810 1213 aliquotas,
827 1151 957 1212 quarum
972 1128 1097 1192 effeetus
1113 1128 1261 1191 sentiatur
1276 1150 1294 1189 a
1307 1126 1396 1189 nobis

297 1240 388 1305 simul
404 1263 474 1304 cum
489 1241 584 1304 totius
600 1240 778 1304 vibrationis
794 1240 977 1304 sensatione.
1023 1239 1105 1302 Nam
1127 1248 1229 1323 partes
1244 1238 1395 1322 aliquotae,

296 1353 322 1416 si
337 1352 491 1430 darentur,
507 1352 685 1416 audirentur
700 1374 819 1436 semper
827 1378 837 1431 3
861 1351 943 1436 quod
954 1373 1017 1414 non
1029 1350 1148 1415 accidit.
1192 1350 1234 1413 Et
1248 1360 1397 1433 praeterea

296 1469 348 1528 adr
362 1447 545 1528 transmittit
559 1465 770 1544 dissonantias,
787 1476 818 1528 et
833 1487 941 1528 omnes
954 1472 1044 1528 notas
1058 1486 1120 1526 non
1135 1462 1308 1525 harmonice
1323 1484 1396 1525 oon·

295 1576 444 1661 spirantes
452 1602 462 1655 ;
486 1577 543 1641 hoc
558 1586 660 1641 autem
676 1577 783 1662 nequit
798 1576 936 1640 absolute
950 1576 1016 1640 fieri
1034 1598 1088 1659 per
1103 1584 1203 1659 partes
1217 1574 1396 1637 vibrationis

294 1687 453 1771 aliquotas,
469 1697 504 1751 ut
519 1710 556 1752 ex
570 1689 721 1753 acoustiea
736 1689 842 1773 liquet.
889 1687 1009 1751 Similes
1027 1686 1281 1751 considerationes
1297 1685 1396 1769 appli-

293 1799 354 1861 cari
377 1804 506 1882 possunt
527 1800 626 1863 motui
647 1800 768 1864 aetheris
789 1800 943 1864 luminoso
965 1809 1090 1884 propter
1112 1798 1245 1862 diversos
1260 1798 1396 1876 colores;

293 1932 363 1973 cum
383 1910 440 1975 hac
462 1919 565 1974 tamen
588 1911 767 1990 differentia,
790 1911 873 1996 quod
894 1920 997 1974 motus
1019 1910 1098 1975 aleris
1119 1920 1305 1994 propagatur
1320 1930 1397 1992 qua·

293 2044 492 2107 quaversum3
516 2031 618 2087 motus
633 2034 734 2088 autem
750 2024 871 2107 aetheris
885 2024 919 2087 in
933 2024 1002 2087 luce
1015 2032 1203 2108 propagatur
1226 2022 1397 2085 seeundum

293 2134 405 2198 lineam
420 2143 533 2199 rectam
548 2144 679 2215 tantum,
695 2136 778 2220 quod
799 2135 908 2220 probat
928 2136 1071 2199 aetherem
1093 2156 1157 2197 non
1170 2156 1236 2198 csse
1250 2133 1395 2198 substan-

292 2246 368 2309 tiam
383 2246 586 2331 expansivam,
601 2256 637 2312 ut
653 2248 714 2311 iarn
728 2248 923 2311 advertimus.

338 2362 410 2422 140.
444 2359 503 2423 His
525 2360 644 2443 positis,
669 2368 753 2442 patet
779 2369 919 2422 motuum
945 2357 1197 2421 simultaneorum
1223 2357 1395 2422 existentia.

292 2468 334 2532 Et
349 2469 450 2553 quoad
464 2470 647 2533 vibrationes
662 2470 798 2549 luminis,
815 2481 862 2533 est
876 2471 1004 2533 fortasse
1019 2469 1120 2554 aliqua
1134 2469 1212 2532 ratio
1223 2470 1395 2554 explicandi

292 2604 366 2659 rem,
383 2582 409 2643 si
425 2581 552 2661 dicatur,
568 2581 650 2665 quod
665 2582 759 2645 aether
774 2590 894 2645 constat
908 2604 945 2644 ex
965 2581 1038 2644 solis
1053 2580 1212 2645 elementis
1226 2582 1395 2646 attractivis

291 2693 415 2777 aequalis
430 2692 626 2771 intensitatis,
648 2704 679 2757 et
701 2692 769 2756 ideo
791 2715 852 2756 non
875 2692 1133 2758 constituentibus
1147 2693 1321 2772 moleculas,
1339 2695 1395 2757 sed

292 2804 454 2887 separatim
477 2804 579 2868 liberis
603 2805 642 2869 ad
669 2827 739 2869 suos
769 2805 907 2889 proprios
936 2816 1048 2870 motus.
1108 2805 1195 2869 Hinc
1215 2805 1298 2868 enim
1326 2806 1395 2869 fieri

290 2916 411 2999 poterit,
427 2924 536 3001 ut'per
558 2917 640 2981 idem
661 2926 812 3001 punctum
835 2918 1084 2981 mathematicum
1106 2926 1263 2982 transeant
1285 2917 1393 2980 simul-

291 3037 379 3089 tanee
394 3027 482 3111 plura
491 3028 639 3092 eiusmodi
648 3028 797 3093 elementa
811 3030 981 3093 oscillantia
991 3029 1159 3093 seeundum
1175 3029 1393 3093 diversissimas

292 3138 481 3218 directiones,
497 3141 573 3225 quin
588 3164 709 3205 necesse
721 3142 761 3204 sit
776 3151 878 3205 motus
893 3140 961 3204 illos
979 3164 1043 3204 sese
1058 3141 1213 3204 destruere
1227 3150 1280 3204 aut
1294 3141 1393 3225 impe-

291 3250 365 3313 dire.
411 3250 492 3314 Nam
508 3252 561 3316 ubi
575 3253 661 3316 nulla
675 3263 721 3317 est
735 3254 780 3316 vis
795 3251 955 3336 repulsiva,
971 3251 1014 3314 ibi
1034 3252 1125 3315 datur
1139 3262 1226 3315 actus
1240 3252 1393 3316 transiens

291 3362 554 3445 penetrabilitatis,
579 3372 615 3428 ut
637 3365 711 3428 alibi
735 3364 895 3428 manifeste
915 3374 1073 3427 ostensum
1096 3374 1154 3427 est.
1208 3364 1277 3426 Hoc
1297 3364 1392 3428 semel

291 3474 433 3554 admisso,
448 3476 534 3539 nulla
555 3486 600 3541 est
623 3476 785 3540 difficultas
800 3477 833 3539 in
848 3476 1046 3540 coiixistentia
1064 3498 1225 3559 parvorum
1248 3485 1391 3538 motuum

290 3586 428 3651 aetheris:
452 3588 505 3651 sed
520 3612 558 3651 an
574 3590 638 3653 haec
653 3589 810 3682 explicatio
826 3588 866 3651 sit
880 3611 950 3651 vera
963 3597 1065 3672 potest
1081 3587 1181 3651 adhuc
1195 3587 1340 3650 dubitari.

292 3734 294 3739 v
336 3698 467 3775 Quando
476 3722 546 3764 vero
556 3702 659 3785 agitur
670 3702 707 3765 de
719 3700 800 3763 sonis
809 3722 864 3784 per
875 3705 976 3763 aeirem
987 3699 1184 3777 transmissis,
1194 3699 1301 3763 crescit
1311 3698 1389 3761 diffi-

290 3811 398 3876 cultas.
443 3812 490 3875 Ut
512 3813 594 3876 enim
614 3812 676 3876 duo
693 3812 770 3876 radii
793 3812 895 3874 sonori
919 3812 1130 3895 provenientes
1151 3834 1188 3876 ex
1210 3811 1336 3875 diversis
1358 3820 1390 3873 et

290 3923 438 4007 oppositis
453 3926 585 4008 punctis,
601 3934 631 3989 et
647 3925 753 3988 directi
767 3946 823 4007 per
836 3923 974 3998 eamdem
984 3922 1095 3987 lincam
1110 3924 1144 3986 in
1159 3945 1282 3986 sensum
1292 3944 1389 4005 oppo-

289 4034 383 4097 situm
405 4035 524 4117 possint
545 4036 578 4099 in
600 4057 747 4099 concursu
769 4043 878 4098 mutuo
900 4056 964 4097 non
984 4056 1017 4097 se
1034 4034 1222 4116 extinguere,
1238 4033 1389 4097 sedunus

288 4155 445 4228 procurrat
460 4148 607 4231 perviam
623 4147 757 4225 alterius,
773 4146 999 4210 admittendum
1007 4155 1065 4224 est,
1077 4145 1214 4229 singulas
1224 4145 1388 4208 moleeulas

289 4265 445 4338 quaesunt
466 4258 499 4319 in
517 4255 569 4320 illa
590 4257 670 4321 linea
691 4256 780 4336 adria,
804 4257 914 4321 habere
936 4266 1006 4341 post
1028 4279 1209 4320 concursum
1231 4256 1386 4319 radiorum

288 4387 464 4428 sonororum
487 4366 563 4429 duos
588 4376 689 4430 motus
709 4368 906 4432 simultaneos
928 4369 1104 4445 contrarios,
1129 4390 1225 4431 unum
1240 4391 1267 4432 v.
1284 4391 1329 4451 gr.
1347 4369 1387 4431 ad
