<?xml version="1.0" encoding="UTF-8"?>
<!DOCTYPE html PUBLIC "-//W3C//DTD XHTML 1.0 Transitional//EN"
    "http://www.w3.org/TR/xhtml1/DTD/xhtml1-transitional.dtd">
<html xmlns="http://www.w3.org/1999/xhtml" xml:lang="en" lang="en">
 <head>
  <title>
</title>
<meta http-equiv="Content-Type" content="text/html;charset=utf-8" />
  <meta name='ocr-system' content='tesseract 3.04.00' />
  <meta name='ocr-capabilities' content='ocr_page ocr_carea ocr_par ocr_line ocrx_word'/>
</head>
<body>
  <div class='ocr_page' id='page_1' title='image "./realisphilosoph00baymgoog_0281.png"; bbox 0 0 3200 4984; ppageno 0'>
   <div class='ocr_carea' id='block_1_1' title="bbox 207 339 1303 425">
    <p class='ocr_par' dir='ltr' id='par_1_1' title="bbox 207 339 1303 425">
     <span class='ocr_line' id='line_1_1' title="bbox 207 339 1303 425; baseline 0.001 -25"><span class='ocrx_word' id='word_1_1' title='bbox 207 358 277 401; x_wconf 77' lang='lat' dir='ltr'>cur.</span> <span class='ocrx_word' id='word_1_2' title='bbox 294 339 333 425; x_wconf 91' lang='lat'>1.]</span> <span class='ocrx_word' id='word_1_3' title='bbox 566 361 608 403; x_wconf 84' lang='lat' dir='ltr'>nn</span> <span class='ocrx_word' id='word_1_4' title='bbox 625 360 746 404; x_wconf 82' lang='lat' dir='ltr'>rursus</span> <span class='ocrx_word' id='word_1_5' title='bbox 762 360 951 405; x_wconf 81' lang='lat' dir='ltr'>courruurs.</span> <span class='ocrx_word' id='word_1_6' title='bbox 1239 340 1303 402; x_wconf 80' lang='lat'>263</span> 
     </span>
    </p>
   </div>
   <div class='ocr_carea' id='block_1_2' title="bbox 207 518 1301 606">
    <p class='ocr_par' dir='ltr' id='par_1_2' title="bbox 207 518 1301 606">
     <span class='ocr_line' id='line_1_2' title="bbox 207 518 1301 606; baseline 0.003 -24"><span class='ocrx_word' id='word_1_7' title='bbox 207 541 253 603; x_wconf 91' lang='lat' dir='ltr'>gr.</span> <span class='ocrx_word' id='word_1_8' title='bbox 269 518 413 582; x_wconf 87' lang='lat' dir='ltr'>verticem</span> <span class='ocrx_word' id='word_1_9' title='bbox 428 519 544 605; x_wconf 89' lang='lat' dir='ltr'>anguli,</span> <span class='ocrx_word' id='word_1_10' title='bbox 559 520 776 605; x_wconf 63' lang='lat' dir='ltr'>imaginatione</span> <span class='ocrx_word' id='word_1_11' title='bbox 791 520 944 587; x_wconf 86' lang='lat' dir='ltr'>defectum</span> <span class='ocrx_word' id='word_1_12' title='bbox 958 521 1116 586; x_wconf 90' lang='lat' dir='ltr'>oculorum</span> <span class='ocrx_word' id='word_1_13' title='bbox 1131 523 1301 606; x_wconf 79' lang='lat' dir='ltr'><strong>supplente.</strong></span> 
     </span>
    </p>
   </div>
   <div class='ocr_carea' id='block_1_3' title="bbox 206 631 1396 718">
    <p class='ocr_par' dir='ltr' id='par_1_3' title="bbox 206 631 1396 718">
     <span class='ocr_line' id='line_1_3' title="bbox 206 631 1396 718; baseline 0.003 -24"><span class='ocrx_word' id='word_1_14' title='bbox 206 631 375 695; x_wconf 79' lang='lat' dir='ltr'><strong>Possumus</strong></span> <span class='ocrx_word' id='word_1_15' title='bbox 397 653 469 716; x_wconf 86' lang='lat' dir='ltr'>ergo</span> <span class='ocrx_word' id='word_1_16' title='bbox 492 632 653 718; x_wconf 88' lang='lat' dir='ltr'>imaginari</span> <span class='ocrx_word' id='word_1_17' title='bbox 677 633 811 718; x_wconf 88' lang='lat' dir='ltr'>spatium</span> <span class='ocrx_word' id='word_1_18' title='bbox 840 633 959 698; x_wconf 89' lang='lat' dir='ltr'>duobus</span> <span class='ocrx_word' id='word_1_19' title='bbox 987 634 1110 718; x_wconf 87' lang='lat' dir='ltr'>punctis</span> <span class='ocrx_word' id='word_1_20' title='bbox 1138 633 1303 698; x_wconf 86' lang='lat' dir='ltr'>inextensis</span> <span class='ocrx_word' id='word_1_21' title='bbox 1392 678 1396 686; x_wconf 87' lang='lat'>.</span> 
     </span>
    </p>
   </div>
   <div class='ocr_carea' id='block_1_4' title="bbox 204 744 1315 3839">
    <p class='ocr_par' dir='ltr' id='par_1_4' title="bbox 204 744 1303 1612">
     <span class='ocr_line' id='line_1_4' title="bbox 206 744 1301 829; baseline 0.001 -23"><span class='ocrx_word' id='word_1_22' title='bbox 206 744 423 809; x_wconf 88' lang='lat' dir='ltr'>terminatum:</span> <span class='ocrx_word' id='word_1_23' title='bbox 446 753 477 808; x_wconf 87' lang='lat' dir='ltr'>et</span> <span class='ocrx_word' id='word_1_24' title='bbox 505 744 563 808; x_wconf 89' lang='lat' dir='ltr'>boc</span> <span class='ocrx_word' id='word_1_25' title='bbox 593 744 726 829; x_wconf 86' lang='lat' dir='ltr'>spatium</span> <span class='ocrx_word' id='word_1_26' title='bbox 755 744 813 809; x_wconf 86' lang='lat' dir='ltr'>erit</span> <span class='ocrx_word' id='word_1_27' title='bbox 840 744 925 809; x_wconf 88' lang='lat' dir='ltr'>locus</span> <span class='ocrx_word' id='word_1_28' title='bbox 953 744 1051 809; x_wconf 85' lang='lat' dir='ltr'>lineae.</span> <span class='ocrx_word' id='word_1_29' title='bbox 1105 748 1140 809; x_wconf 85' lang='lat'>3⁰</span> <span class='ocrx_word' id='word_1_30' title='bbox 1162 744 1301 829; x_wconf 85' lang='lat' dir='ltr'>Spatium</span> 
     </span>
     <span class='ocr_line' id='line_1_5' title="bbox 206 852 1303 941; baseline 0.003 -24"><span class='ocrx_word' id='word_1_31' title='bbox 206 852 318 917; x_wconf 81' lang='lat' dir='ltr'>lineare</span> <span class='ocrx_word' id='word_1_32' title='bbox 343 877 438 939; x_wconf 82' lang='lat' dir='ltr'><strong>capax</strong></span> <span class='ocrx_word' id='word_1_33' title='bbox 462 862 509 919; x_wconf 88' lang='lat' dir='ltr'>est</span> <span class='ocrx_word' id='word_1_34' title='bbox 534 877 704 940; x_wconf 87' lang='lat' dir='ltr'>corporum,</span> <span class='ocrx_word' id='word_1_35' title='bbox 724 856 758 919; x_wconf 94' lang='lat' dir='ltr'>in</span> <span class='ocrx_word' id='word_1_36' title='bbox 776 856 907 941; x_wconf 91' lang='lat' dir='ltr'>quodam</span> <span class='ocrx_word' id='word_1_37' title='bbox 930 880 1025 937; x_wconf 26' lang='lat' dir='ltr'>&#39;sensu</span> <span class='ocrx_word' id='word_1_38' title='bbox 1047 879 1127 937; x_wconf 86' lang='lat' dir='ltr'>vero,</span> <span class='ocrx_word' id='word_1_39' title='bbox 1152 855 1224 921; x_wconf 89' lang='lat' dir='ltr'>licet</span> <span class='ocrx_word' id='word_1_40' title='bbox 1240 878 1303 920; x_wconf 89' lang='lat' dir='ltr'>non</span> 
     </span>
     <span class='ocr_line' id='line_1_6' title="bbox 207 966 1303 1053; baseline 0.004 -24"><span class='ocrx_word' id='word_1_41' title='bbox 207 966 375 1030; x_wconf 89' lang='lat' dir='ltr'>secundum</span> <span class='ocrx_word' id='word_1_42' title='bbox 396 989 589 1031; x_wconf 87' lang='lat' dir='ltr'>communem</span> <span class='ocrx_word' id='word_1_43' title='bbox 607 968 856 1052; x_wconf 79' lang='lat' dir='ltr'>imaginationem</span> <span class='ocrx_word' id='word_1_44' title='bbox 865 994 875 1047; x_wconf 71' lang='grc' dir='ltr'><strong><em>ς</em></strong></span> <span class='ocrx_word' id='word_1_45' title='bbox 897 991 969 1033; x_wconf 89' lang='lat' dir='ltr'>nam</span> <span class='ocrx_word' id='word_1_46' title='bbox 984 992 1104 1053; x_wconf 89' lang='lat' dir='ltr'>corpus,</span> <span class='ocrx_word' id='word_1_47' title='bbox 1117 977 1208 1053; x_wconf 86' lang='lat' dir='ltr'>prout</span> <span class='ocrx_word' id='word_1_48' title='bbox 1229 968 1303 1033; x_wconf 90' lang='lat' dir='ltr'>dicit</span> 
     </span>
     <span class='ocr_line' id='line_1_7' title="bbox 206 1078 1303 1167; baseline 0.003 -26"><span class='ocrx_word' id='word_1_49' title='bbox 206 1078 382 1164; x_wconf 88' lang='lat' dir='ltr'>simpliciter</span> <span class='ocrx_word' id='word_1_50' title='bbox 401 1080 650 1165; x_wconf 88' lang='lat' dir='ltr'>compositionem</span> <span class='ocrx_word' id='word_1_51' title='bbox 664 1103 700 1145; x_wconf 84' lang='lat' dir='ltr'>ex</span> <span class='ocrx_word' id='word_1_52' title='bbox 714 1081 871 1146; x_wconf 88' lang='lat' dir='ltr'>elementis</span> <span class='ocrx_word' id='word_1_53' title='bbox 890 1081 1087 1167; x_wconf 81' lang='lat' dir='ltr'>simplicibus,</span> <span class='ocrx_word' id='word_1_54' title='bbox 1102 1103 1165 1145; x_wconf 93' lang='lat' dir='ltr'>non</span> <span class='ocrx_word' id='word_1_55' title='bbox 1185 1081 1303 1165; x_wconf 83' lang='lat' dir='ltr'>indiget</span> 
     </span>
     <span class='ocr_line' id='line_1_8' title="bbox 205 1190 1301 1277; baseline 0.004 -24"><span class='ocrx_word' id='word_1_56' title='bbox 205 1190 304 1254; x_wconf 85' lang='lat' dir='ltr'>tribua</span> <span class='ocrx_word' id='word_1_57' title='bbox 320 1191 577 1257; x_wconf 77' lang='lat' dir='ltr'>dimensionibusz</span> <span class='ocrx_word' id='word_1_58' title='bbox 600 1204 631 1257; x_wconf 92' lang='lat' dir='ltr'>et</span> <span class='ocrx_word' id='word_1_59' title='bbox 646 1193 737 1258; x_wconf 87' lang='lat' dir='ltr'>series</span> <span class='ocrx_word' id='word_1_60' title='bbox 752 1193 970 1258; x_wconf 86' lang='lat' dir='ltr'>elementorum</span> <span class='ocrx_word' id='word_1_61' title='bbox 984 1193 1064 1258; x_wconf 88' lang='lat' dir='ltr'>linea</span> <span class='ocrx_word' id='word_1_62' title='bbox 1078 1204 1159 1257; x_wconf 88' lang='lat' dir='ltr'>recta</span> <span class='ocrx_word' id='word_1_63' title='bbox 1173 1192 1301 1277; x_wconf 92' lang='lat' dir='ltr'>disposi-</span> 
     </span>
     <span class='ocr_line' id='line_1_9' title="bbox 206 1302 1302 1389; baseline 0.003 -24"><span class='ocrx_word' id='word_1_64' title='bbox 206 1313 308 1366; x_wconf 90' lang='lat' dir='ltr'>torum</span> <span class='ocrx_word' id='word_1_65' title='bbox 323 1311 354 1367; x_wconf 90' lang='lat' dir='ltr'>et</span> <span class='ocrx_word' id='word_1_66' title='bbox 368 1302 497 1367; x_wconf 83' lang='lat' dir='ltr'>invicem</span> <span class='ocrx_word' id='word_1_67' title='bbox 507 1325 712 1369; x_wconf 88' lang='lat' dir='ltr'>connexorum</span> <span class='ocrx_word' id='word_1_68' title='bbox 727 1327 781 1389; x_wconf 88' lang='lat' dir='ltr'>per</span> <span class='ocrx_word' id='word_1_69' title='bbox 794 1305 873 1370; x_wconf 86' lang='lat' dir='ltr'>vires</span> <span class='ocrx_word' id='word_1_70' title='bbox 891 1314 1025 1384; x_wconf 88' lang='lat' dir='ltr'>mutuas,</span> <span class='ocrx_word' id='word_1_71' title='bbox 1040 1312 1086 1368; x_wconf 87' lang='lat' dir='ltr'>est</span> <span class='ocrx_word' id='word_1_72' title='bbox 1100 1303 1224 1389; x_wconf 84' lang='lat' dir='ltr'>aliquod</span> <span class='ocrx_word' id='word_1_73' title='bbox 1237 1326 1302 1369; x_wconf 86' lang='lat' dir='ltr'>eor·</span> 
     </span>
     <span class='ocr_line' id='line_1_10' title="bbox 204 1415 1301 1499; baseline 0.001 -21"><span class='ocrx_word' id='word_1_74' title='bbox 204 1437 273 1499; x_wconf 89' lang='lat' dir='ltr'>pus,</span> <span class='ocrx_word' id='word_1_75' title='bbox 287 1415 359 1479; x_wconf 89' lang='lat' dir='ltr'>licet</span> <span class='ocrx_word' id='word_1_76' title='bbox 372 1416 483 1480; x_wconf 88' lang='lat' dir='ltr'>nullibi</span> <span class='ocrx_word' id='word_1_77' title='bbox 497 1416 669 1481; x_wconf 88' lang='lat' dir='ltr'>inveniatur</span> <span class='ocrx_word' id='word_1_78' title='bbox 682 1416 715 1481; x_wconf 90' lang='lat' dir='ltr'>in</span> <span class='ocrx_word' id='word_1_79' title='bbox 729 1439 832 1481; x_wconf 90' lang='lat' dir='ltr'>rerum</span> <span class='ocrx_word' id='word_1_80' title='bbox 849 1424 967 1495; x_wconf 84' lang='lat' dir='ltr'>natura,</span> <span class='ocrx_word' id='word_1_81' title='bbox 982 1416 1041 1480; x_wconf 91' lang='lat' dir='ltr'>nisi</span> <span class='ocrx_word' id='word_1_82' title='bbox 1056 1438 1126 1480; x_wconf 89' lang='lat' dir='ltr'>cum</span> <span class='ocrx_word' id='word_1_83' title='bbox 1137 1416 1204 1479; x_wconf 88' lang='lat' dir='ltr'>aliis</span> <span class='ocrx_word' id='word_1_84' title='bbox 1219 1416 1301 1479; x_wconf 91' lang='lat' dir='ltr'>simi·</span> 
     </span>
     <span class='ocr_line' id='line_1_11' title="bbox 204 1525 1243 1612; baseline 0.001 -23"><span class='ocrx_word' id='word_1_85' title='bbox 204 1525 284 1591; x_wconf 92' lang='lat' dir='ltr'>libus</span> <span class='ocrx_word' id='word_1_86' title='bbox 299 1526 387 1591; x_wconf 88' lang='lat' dir='ltr'>lineis</span> <span class='ocrx_word' id='word_1_87' title='bbox 402 1526 572 1591; x_wconf 89' lang='lat' dir='ltr'>coniuncta.</span> <span class='ocrx_word' id='word_1_88' title='bbox 617 1528 700 1611; x_wconf 76' lang='lat' dir='ltr'>llrgo</span> <span class='ocrx_word' id='word_1_89' title='bbox 715 1528 848 1612; x_wconf 89' lang='lat' dir='ltr'>spatium</span> <span class='ocrx_word' id='word_1_90' title='bbox 862 1527 973 1591; x_wconf 85' lang='lat' dir='ltr'>lineare</span> <span class='ocrx_word' id='word_1_91' title='bbox 986 1537 1033 1592; x_wconf 89' lang='lat' dir='ltr'>est</span> <span class='ocrx_word' id='word_1_92' title='bbox 1048 1528 1162 1612; x_wconf 87' lang='lat' dir='ltr'>species</span> <span class='ocrx_word' id='word_1_93' title='bbox 1175 1527 1243 1591; x_wconf 91' lang='lat' dir='ltr'>loci.</span> 
     </span>
    </p>

    <p class='ocr_par' dir='ltr' id='par_1_5' title="bbox 204 1637 1315 2505">
     <span class='ocr_line' id='line_1_12' title="bbox 250 1637 1303 1724; baseline 0.001 -23"><span class='ocrx_word' id='word_1_94' title='bbox 250 1637 390 1722; x_wconf 84' lang='lat' dir='ltr'>Spatium</span> <span class='ocrx_word' id='word_1_95' title='bbox 417 1637 603 1724; x_wconf 87' lang='lat' dir='ltr'>superficiale</span> <span class='ocrx_word' id='word_1_96' title='bbox 626 1638 780 1703; x_wconf 83' lang='lat' dir='ltr'>evidenter</span> <span class='ocrx_word' id='word_1_97' title='bbox 804 1638 930 1723; x_wconf 88' lang='lat' dir='ltr'>cogitari</span> <span class='ocrx_word' id='word_1_98' title='bbox 954 1638 1045 1703; x_wconf 87' lang='lat' dir='ltr'>debet</span> <span class='ocrx_word' id='word_1_99' title='bbox 1061 1647 1097 1702; x_wconf 90' lang='lat' dir='ltr'>ut</span> <span class='ocrx_word' id='word_1_100' title='bbox 1110 1638 1170 1703; x_wconf 89' lang='lat' dir='ltr'>alia</span> <span class='ocrx_word' id='word_1_101' title='bbox 1189 1638 1303 1723; x_wconf 85' lang='lat' dir='ltr'>species</span> 
     </span>
     <span class='ocr_line' id='line_1_13' title="bbox 204 1749 1302 1836; baseline 0.001 -23"><span class='ocrx_word' id='word_1_102' title='bbox 204 1749 272 1813; x_wconf 88' lang='lat' dir='ltr'>loci.</span> <span class='ocrx_word' id='word_1_103' title='bbox 320 1751 353 1814; x_wconf 76' lang='lat' dir='ltr'>Si</span> <span class='ocrx_word' id='word_1_104' title='bbox 367 1750 450 1814; x_wconf 84' lang='lat' dir='ltr'>enim</span> <span class='ocrx_word' id='word_1_105' title='bbox 463 1772 627 1835; x_wconf 87' lang='lat' dir='ltr'>possumus</span> <span class='ocrx_word' id='word_1_106' title='bbox 641 1750 674 1815; x_wconf 93' lang='lat' dir='ltr'>in</span> <span class='ocrx_word' id='word_1_107' title='bbox 689 1752 788 1836; x_wconf 90' lang='lat' dir='ltr'>spatio</span> <span class='ocrx_word' id='word_1_108' title='bbox 801 1751 908 1815; x_wconf 82' lang='lat' dir='ltr'>lineari</span> <span class='ocrx_word' id='word_1_109' title='bbox 923 1750 1058 1815; x_wconf 87' lang='lat' dir='ltr'>invenire</span> <span class='ocrx_word' id='word_1_110' title='bbox 1071 1750 1219 1815; x_wconf 88' lang='lat' dir='ltr'>rationem</span> <span class='ocrx_word' id='word_1_111' title='bbox 1233 1750 1302 1830; x_wconf 90' lang='lat' dir='ltr'>loci,</span> 
     </span>
     <span class='ocr_line' id='line_1_14' title="bbox 205 1861 1302 1947; baseline 0.002 -22"><span class='ocrx_word' id='word_1_112' title='bbox 205 1861 353 1925; x_wconf 88' lang='lat' dir='ltr'>afortiori</span> <span class='ocrx_word' id='word_1_113' title='bbox 376 1862 565 1927; x_wconf 87' lang='lat' dir='ltr'>inveniemus</span> <span class='ocrx_word' id='word_1_114' title='bbox 587 1862 735 1927; x_wconf 88' lang='lat' dir='ltr'>rationem</span> <span class='ocrx_word' id='word_1_115' title='bbox 771 1862 830 1927; x_wconf 90' lang='lat' dir='ltr'>loci</span> <span class='ocrx_word' id='word_1_116' title='bbox 849 1862 883 1925; x_wconf 91' lang='lat' dir='ltr'>in</span> <span class='ocrx_word' id='word_1_117' title='bbox 903 1863 1059 1947; x_wconf 86' lang='lat' dir='ltr'>superficie</span> <span class='ocrx_word' id='word_1_118' title='bbox 1079 1864 1142 1928; x_wconf 87' lang='lat' dir='ltr'>sive</span> <span class='ocrx_word' id='word_1_119' title='bbox 1163 1885 1302 1943; x_wconf 87' lang='lat' dir='ltr'>concava,</span> 
     </span>
     <span class='ocr_line' id='line_1_15' title="bbox 206 1973 1304 2058; baseline 0 -21"><span class='ocrx_word' id='word_1_120' title='bbox 206 1974 268 2038; x_wconf 89' lang='lat' dir='ltr'>sive</span> <span class='ocrx_word' id='word_1_121' title='bbox 287 1973 388 2058; x_wconf 90' lang='lat' dir='ltr'>plana,</span> <span class='ocrx_word' id='word_1_122' title='bbox 410 1974 472 2039; x_wconf 91' lang='lat' dir='ltr'>sive</span> <span class='ocrx_word' id='word_1_123' title='bbox 492 1996 622 2039; x_wconf 86' lang='lat' dir='ltr'>convexa</span> <span class='ocrx_word' id='word_1_124' title='bbox 630 2001 640 2055; x_wconf 79' lang='lat'>3</span> <span class='ocrx_word' id='word_1_125' title='bbox 663 1997 734 2038; x_wconf 90' lang='lat' dir='ltr'>nam</span> <span class='ocrx_word' id='word_1_126' title='bbox 749 1974 782 2038; x_wconf 93' lang='lat' dir='ltr'>iu</span> <span class='ocrx_word' id='word_1_127' title='bbox 801 1974 937 2058; x_wconf 89' lang='lat' dir='ltr'>qualibet</span> <span class='ocrx_word' id='word_1_128' title='bbox 951 1974 1108 2058; x_wconf 89' lang='lat' dir='ltr'>superficie</span> <span class='ocrx_word' id='word_1_129' title='bbox 1122 1982 1169 2038; x_wconf 87' lang='lat' dir='ltr'>est</span> <span class='ocrx_word' id='word_1_130' title='bbox 1183 1975 1304 2058; x_wconf 86' lang='lat' dir='ltr'>signare</span> 
     </span>
     <span class='ocr_line' id='line_1_16' title="bbox 204 2084 1302 2170; baseline 0.001 -23"><span class='ocrx_word' id='word_1_131' title='bbox 204 2084 324 2149; x_wconf 88' lang='lat' dir='ltr'>infinita</span> <span class='ocrx_word' id='word_1_132' title='bbox 336 2086 434 2170; x_wconf 89' lang='lat' dir='ltr'>spatia</span> <span class='ocrx_word' id='word_1_133' title='bbox 447 2085 582 2150; x_wconf 84' lang='lat' dir='ltr'>linearia.</span> <span class='ocrx_word' id='word_1_134' title='bbox 629 2085 690 2151; x_wconf 85' lang='lat' dir='ltr'>Sed</span> <span class='ocrx_word' id='word_1_135' title='bbox 704 2086 736 2149; x_wconf 93' lang='lat' dir='ltr'>in</span> <span class='ocrx_word' id='word_1_136' title='bbox 752 2085 910 2169; x_wconf 86' lang='lat' dir='ltr'>superficie</span> <span class='ocrx_word' id='word_1_137' title='bbox 920 2093 967 2149; x_wconf 88' lang='lat' dir='ltr'>est</span> <span class='ocrx_word' id='word_1_138' title='bbox 983 2085 1120 2169; x_wconf 88' lang='lat' dir='ltr'>specialis</span> <span class='ocrx_word' id='word_1_139' title='bbox 1134 2086 1210 2149; x_wconf 88' lang='lat' dir='ltr'>ratio</span> <span class='ocrx_word' id='word_1_140' title='bbox 1224 2085 1302 2164; x_wconf 80' lang='lat' dir='ltr'>loci3</span> 
     </span>
     <span class='ocr_line' id='line_1_17' title="bbox 205 2197 1302 2282; baseline 0.002 -23"><span class='ocrx_word' id='word_1_141' title='bbox 205 2197 277 2281; x_wconf 91' lang='lat' dir='ltr'>quia</span> <span class='ocrx_word' id='word_1_142' title='bbox 303 2197 436 2282; x_wconf 86' lang='lat' dir='ltr'>spatium</span> <span class='ocrx_word' id='word_1_143' title='bbox 461 2197 574 2261; x_wconf 88' lang='lat' dir='ltr'>lineare</span> <span class='ocrx_word' id='word_1_144' title='bbox 600 2197 820 2263; x_wconf 88' lang='lat' dir='ltr'>determinatur</span> <span class='ocrx_word' id='word_1_145' title='bbox 842 2205 874 2260; x_wconf 88' lang='lat' dir='ltr'>et</span> <span class='ocrx_word' id='word_1_146' title='bbox 897 2198 1087 2281; x_wconf 87' lang='lat' dir='ltr'>specificatur</span> <span class='ocrx_word' id='word_1_147' title='bbox 1110 2219 1165 2280; x_wconf 89' lang='lat' dir='ltr'>per</span> <span class='ocrx_word' id='word_1_148' title='bbox 1187 2206 1302 2280; x_wconf 85' lang='lat' dir='ltr'>puncta</span> 
     </span>
     <span class='ocr_line' id='line_1_18' title="bbox 205 2282 1315 2393; baseline -0.001 -21"><span class='ocrx_word' id='word_1_149' title='bbox 205 2316 354 2372; x_wconf 82' lang='lat' dir='ltr'>extrema:</span> <span class='ocrx_word' id='word_1_150' title='bbox 378 2308 510 2393; x_wconf 87' lang='lat' dir='ltr'>spatium</span> <span class='ocrx_word' id='word_1_151' title='bbox 539 2331 610 2373; x_wconf 87' lang='lat' dir='ltr'>vero</span> <span class='ocrx_word' id='word_1_152' title='bbox 639 2307 826 2393; x_wconf 84' lang='lat' dir='ltr'>superficiale</span> <span class='ocrx_word' id='word_1_153' title='bbox 861 2308 1080 2373; x_wconf 88' lang='lat' dir='ltr'>determinatur</span> <span class='ocrx_word' id='word_1_154' title='bbox 1108 2307 1196 2371; x_wconf 88' lang='lat' dir='ltr'>lineis</span> <span class='ocrx_word' id='word_1_155' title='bbox 1223 2282 1315 2372; x_wconf 73' lang='lat' dir='ltr'>illud&#39;</span> 
     </span>
     <span class='ocr_line' id='line_1_19' title="bbox 205 2418 889 2505; baseline 0 -22"><span class='ocrx_word' id='word_1_156' title='bbox 205 2419 425 2484; x_wconf 85' lang='lat' dir='ltr'>claudentibus.</span> <span class='ocrx_word' id='word_1_157' title='bbox 470 2420 526 2484; x_wconf 75' lang='lat' dir='ltr'>llst</span> <span class='ocrx_word' id='word_1_158' title='bbox 541 2442 614 2505; x_wconf 91' lang='lat' dir='ltr'>ergo</span> <span class='ocrx_word' id='word_1_159' title='bbox 629 2420 753 2485; x_wconf 86' lang='lat' dir='ltr'>alterius</span> <span class='ocrx_word' id='word_1_160' title='bbox 768 2418 889 2503; x_wconf 88' lang='lat' dir='ltr'>speciei.</span> 
     </span>
    </p>

    <p class='ocr_par' dir='ltr' id='par_1_6' title="bbox 205 2530 1305 3039">
     <span class='ocr_line' id='line_1_20' title="bbox 236 2530 1302 2615; baseline 0 -22"><span class='ocrx_word' id='word_1_161' title='bbox 236 2530 371 2595; x_wconf 83' lang='lat' dir='ltr'>Tandem</span> <span class='ocrx_word' id='word_1_162' title='bbox 387 2531 520 2615; x_wconf 90' lang='lat' dir='ltr'>spatium</span> <span class='ocrx_word' id='word_1_163' title='bbox 533 2531 696 2598; x_wconf 84' lang='lat' dir='ltr'>voluminis</span> <span class='ocrx_word' id='word_1_164' title='bbox 708 2532 760 2595; x_wconf 85' lang='lat' dir='ltr'>dat</span> <span class='ocrx_word' id='word_1_165' title='bbox 771 2531 892 2597; x_wconf 85' lang='lat' dir='ltr'>tertiam</span> <span class='ocrx_word' id='word_1_166' title='bbox 902 2530 962 2595; x_wconf 91' lang='lat' dir='ltr'>loci</span> <span class='ocrx_word' id='word_1_167' title='bbox 975 2530 1117 2615; x_wconf 88' lang='lat' dir='ltr'>speciem,</span> <span class='ocrx_word' id='word_1_168' title='bbox 1125 2530 1213 2596; x_wconf 89' lang='lat' dir='ltr'>cuins</span> <span class='ocrx_word' id='word_1_169' title='bbox 1222 2530 1302 2594; x_wconf 91' lang='lat' dir='ltr'>limi·</span> 
     </span>
     <span class='ocr_line' id='line_1_21' title="bbox 205 2640 1303 2728; baseline 0 -23"><span class='ocrx_word' id='word_1_170' title='bbox 205 2650 251 2705; x_wconf 89' lang='lat' dir='ltr'>tes</span> <span class='ocrx_word' id='word_1_171' title='bbox 269 2650 342 2705; x_wconf 92' lang='lat' dir='ltr'>sunt</span> <span class='ocrx_word' id='word_1_172' title='bbox 361 2640 464 2725; x_wconf 88' lang='lat' dir='ltr'>plures</span> <span class='ocrx_word' id='word_1_173' title='bbox 487 2643 669 2728; x_wconf 90' lang='lat' dir='ltr'>superficies.</span> <span class='ocrx_word' id='word_1_174' title='bbox 717 2642 808 2707; x_wconf 89' lang='lat' dir='ltr'>Hanc</span> <span class='ocrx_word' id='word_1_175' title='bbox 831 2642 926 2706; x_wconf 87' lang='lat' dir='ltr'>solam</span> <span class='ocrx_word' id='word_1_176' title='bbox 949 2643 1081 2727; x_wconf 86' lang='lat' dir='ltr'>speciem</span> <span class='ocrx_word' id='word_1_177' title='bbox 1103 2641 1303 2707; x_wconf 84' lang='lat' dir='ltr'>consideravit</span> 
     </span>
     <span class='ocr_line' id='line_1_22' title="bbox 207 2751 1305 2838; baseline 0.003 -23"><span class='ocrx_word' id='word_1_178' title='bbox 207 2751 395 2832; x_wconf 81' lang='lat' dir='ltr'>Aristotelea,</span> <span class='ocrx_word' id='word_1_179' title='bbox 420 2752 492 2838; x_wconf 91' lang='lat' dir='ltr'>quia</span> <span class='ocrx_word' id='word_1_180' title='bbox 514 2753 670 2819; x_wconf 87' lang='lat' dir='ltr'>materiam</span> <span class='ocrx_word' id='word_1_181' title='bbox 694 2754 818 2818; x_wconf 87' lang='lat' dir='ltr'>admisit</span> <span class='ocrx_word' id='word_1_182' title='bbox 841 2754 968 2819; x_wconf 86' lang='lat' dir='ltr'>solidam</span> <span class='ocrx_word' id='word_1_183' title='bbox 988 2765 1018 2818; x_wconf 88' lang='lat' dir='ltr'>et</span> <span class='ocrx_word' id='word_1_184' title='bbox 1040 2755 1227 2833; x_wconf 87' lang='lat' dir='ltr'>continuam,</span> <span class='ocrx_word' id='word_1_185' title='bbox 1250 2753 1305 2818; x_wconf 87' lang='lat' dir='ltr'>sed</span> 
     </span>
     <span class='ocr_line' id='line_1_23' title="bbox 205 2863 1303 2946; baseline 0.005 -21"><span class='ocrx_word' id='word_1_186' title='bbox 205 2863 238 2926; x_wconf 91' lang='lat' dir='ltr'>in</span> <span class='ocrx_word' id='word_1_187' title='bbox 264 2863 439 2933; x_wconf 85' lang='lat' dir='ltr'>definitione</span> <span class='ocrx_word' id='word_1_188' title='bbox 468 2863 527 2929; x_wconf 90' lang='lat' dir='ltr'>loci</span> <span class='ocrx_word' id='word_1_189' title='bbox 555 2888 619 2929; x_wconf 92' lang='lat' dir='ltr'>non</span> <span class='ocrx_word' id='word_1_190' title='bbox 647 2864 707 2929; x_wconf 92' lang='lat' dir='ltr'>nisi</span> <span class='ocrx_word' id='word_1_191' title='bbox 736 2865 849 2930; x_wconf 85' lang='lat' dir='ltr'>limites</span> <span class='ocrx_word' id='word_1_192' title='bbox 877 2865 960 2930; x_wconf 90' lang='lat' dir='ltr'>illius</span> <span class='ocrx_word' id='word_1_193' title='bbox 989 2866 1244 2946; x_wconf 87' lang='lat' dir='ltr'>commemoravit,</span> <span class='ocrx_word' id='word_1_194' title='bbox 1266 2874 1303 2931; x_wconf 88' lang='lat' dir='ltr'>ut</span> 
     </span>
     <span class='ocr_line' id='line_1_24' title="bbox 208 2974 348 3039; baseline 0 0"><span class='ocrx_word' id='word_1_195' title='bbox 208 2974 348 3039; x_wconf 88' lang='lat' dir='ltr'>vidimus.</span> 
     </span>
    </p>

    <p class='ocr_par' dir='ltr' id='par_1_7' title="bbox 205 3086 1305 3839">
     <span class='ocr_line' id='line_1_25' title="bbox 249 3086 1304 3173; baseline 0.002 -23"><span class='ocrx_word' id='word_1_196' title='bbox 249 3087 296 3150; x_wconf 79' lang='lat' dir='ltr'>Ex</span> <span class='ocrx_word' id='word_1_197' title='bbox 311 3086 400 3151; x_wconf 90' lang='lat' dir='ltr'>dictis</span> <span class='ocrx_word' id='word_1_198' title='bbox 419 3095 553 3172; x_wconf 89' lang='lat' dir='ltr'>apparet,</span> <span class='ocrx_word' id='word_1_199' title='bbox 578 3087 691 3171; x_wconf 84' lang='lat' dir='ltr'>species</span> <span class='ocrx_word' id='word_1_200' title='bbox 716 3110 871 3173; x_wconf 88' lang='lat' dir='ltr'>supremas</span> <span class='ocrx_word' id='word_1_201' title='bbox 888 3087 1023 3152; x_wconf 87' lang='lat' dir='ltr'>looorum</span> <span class='ocrx_word' id='word_1_202' title='bbox 1037 3086 1182 3151; x_wconf 85' lang='lat' dir='ltr'>constitui</span> <span class='ocrx_word' id='word_1_203' title='bbox 1195 3097 1227 3152; x_wconf 86' lang='lat' dir='ltr'>et</span> <span class='ocrx_word' id='word_1_204' title='bbox 1241 3087 1304 3152; x_wconf 88' lang='lat' dir='ltr'>dis-</span> 
     </span>
     <span class='ocr_line' id='line_1_26' title="bbox 206 3196 1304 3284; baseline 0.001 -22"><span class='ocrx_word' id='word_1_205' title='bbox 206 3198 309 3282; x_wconf 84' lang='lat' dir='ltr'>tingui</span> <span class='ocrx_word' id='word_1_206' title='bbox 323 3221 377 3282; x_wconf 91' lang='lat' dir='ltr'>per</span> <span class='ocrx_word' id='word_1_207' title='bbox 392 3198 524 3283; x_wconf 86' lang='lat' dir='ltr'>speciem</span> <span class='ocrx_word' id='word_1_208' title='bbox 538 3196 680 3261; x_wconf 91' lang='lat' dir='ltr'>limitum.</span> <span class='ocrx_word' id='word_1_209' title='bbox 727 3198 971 3262; x_wconf 76' lang='lat' dir='ltr'>subdividuntur</span> <span class='ocrx_word' id='word_1_210' title='bbox 992 3206 1094 3262; x_wconf 87' lang='lat' dir='ltr'>autem</span> <span class='ocrx_word' id='word_1_211' title='bbox 1108 3198 1175 3263; x_wconf 87' lang='lat' dir='ltr'>istae</span> <span class='ocrx_word' id='word_1_212' title='bbox 1189 3200 1304 3284; x_wconf 87' lang='lat' dir='ltr'>species</span> 
     </span>
     <span class='ocr_line' id='line_1_27' title="bbox 205 3308 1305 3393; baseline 0.002 -21"><span class='ocrx_word' id='word_1_213' title='bbox 205 3310 239 3372; x_wconf 92' lang='lat' dir='ltr'>in</span> <span class='ocrx_word' id='word_1_214' title='bbox 254 3309 327 3373; x_wconf 88' lang='lat' dir='ltr'>alias</span> <span class='ocrx_word' id='word_1_215' title='bbox 342 3308 498 3373; x_wconf 85' lang='lat' dir='ltr'>inferiores</span> <span class='ocrx_word' id='word_1_216' title='bbox 513 3330 568 3393; x_wconf 90' lang='lat' dir='ltr'>pro</span> <span class='ocrx_word' id='word_1_217' title='bbox 588 3308 704 3373; x_wconf 86' lang='lat' dir='ltr'>diversa</span> <span class='ocrx_word' id='word_1_218' title='bbox 728 3308 827 3393; x_wconf 90' lang='lat' dir='ltr'>specie</span> <span class='ocrx_word' id='word_1_219' title='bbox 849 3308 1008 3387; x_wconf 88' lang='lat' dir='ltr'>linearum,</span> <span class='ocrx_word' id='word_1_220' title='bbox 1033 3308 1258 3393; x_wconf 87' lang='lat' dir='ltr'>superficierum</span> <span class='ocrx_word' id='word_1_221' title='bbox 1273 3319 1305 3375; x_wconf 87' lang='lat' dir='ltr'>et</span> 
     </span>
     <span class='ocr_line' id='line_1_28' title="bbox 206 3419 1303 3505; baseline 0 -21"><span class='ocrx_word' id='word_1_222' title='bbox 206 3421 404 3485; x_wconf 88' lang='lat' dir='ltr'>voluminum.</span> <span class='ocrx_word' id='word_1_223' title='bbox 451 3421 500 3485; x_wconf 86' lang='lat' dir='ltr'>Sic</span> <span class='ocrx_word' id='word_1_224' title='bbox 515 3419 599 3485; x_wconf 87' lang='lat' dir='ltr'>locus</span> <span class='ocrx_word' id='word_1_225' title='bbox 616 3419 736 3484; x_wconf 83' lang='lat' dir='ltr'>linearis</span> <span class='ocrx_word' id='word_1_226' title='bbox 750 3428 851 3505; x_wconf 89' lang='lat' dir='ltr'>potest</span> <span class='ocrx_word' id='word_1_227' title='bbox 866 3443 930 3484; x_wconf 90' lang='lat' dir='ltr'>esse</span> <span class='ocrx_word' id='word_1_228' title='bbox 945 3420 1113 3484; x_wconf 89' lang='lat' dir='ltr'>secundum</span> <span class='ocrx_word' id='word_1_229' title='bbox 1127 3429 1241 3485; x_wconf 84' lang='lat' dir='ltr'>rectam</span> <span class='ocrx_word' id='word_1_230' title='bbox 1255 3421 1303 3485; x_wconf 81' lang='lat' dir='ltr'>vel</span> 
     </span>
     <span class='ocr_line' id='line_1_29' title="bbox 205 3529 1305 3615; baseline 0 -21"><span class='ocrx_word' id='word_1_231' title='bbox 205 3553 311 3595; x_wconf 91' lang='lat' dir='ltr'>curvas</span> <span class='ocrx_word' id='word_1_232' title='bbox 332 3530 468 3615; x_wconf 91' lang='lat' dir='ltr'>plurium</span> <span class='ocrx_word' id='word_1_233' title='bbox 489 3530 674 3615; x_wconf 87' lang='lat' dir='ltr'>specierum:</span> <span class='ocrx_word' id='word_1_234' title='bbox 696 3538 727 3593; x_wconf 89' lang='lat' dir='ltr'>et</span> <span class='ocrx_word' id='word_1_235' title='bbox 741 3529 826 3595; x_wconf 89' lang='lat' dir='ltr'>locus</span> <span class='ocrx_word' id='word_1_236' title='bbox 846 3530 1042 3615; x_wconf 90' lang='lat' dir='ltr'>superficialis</span> <span class='ocrx_word' id='word_1_237' title='bbox 1056 3539 1158 3614; x_wconf 89' lang='lat' dir='ltr'>potest</span> <span class='ocrx_word' id='word_1_238' title='bbox 1172 3553 1237 3594; x_wconf 86' lang='lat' dir='ltr'>esse</span> <span class='ocrx_word' id='word_1_239' title='bbox 1250 3531 1305 3594; x_wconf 88' lang='lat' dir='ltr'>tri·</span> 
     </span>
     <span class='ocr_line' id='line_1_30' title="bbox 206 3641 1304 3728; baseline 0 -23"><span class='ocrx_word' id='word_1_240' title='bbox 206 3641 370 3727; x_wconf 89' lang='lat' dir='ltr'>angularis,</span> <span class='ocrx_word' id='word_1_241' title='bbox 395 3642 572 3728; x_wconf 84' lang='lat' dir='ltr'>quadratus,</span> <span class='ocrx_word' id='word_1_242' title='bbox 588 3650 656 3721; x_wconf 83' lang='lat' dir='ltr'>etc,</span> <span class='ocrx_word' id='word_1_243' title='bbox 671 3642 756 3707; x_wconf 85' lang='lat' dir='ltr'>locus</span> <span class='ocrx_word' id='word_1_244' title='bbox 770 3642 932 3707; x_wconf 88' lang='lat' dir='ltr'>voluminis</span> <span class='ocrx_word' id='word_1_245' title='bbox 954 3642 1304 3723; x_wconf 86' lang='lat' dir='ltr'>tetrahedrus‚·cubicus‚</span> 
     </span>
     <span class='ocr_line' id='line_1_31' title="bbox 207 3754 481 3839; baseline 0 -22"><span class='ocrx_word' id='word_1_246' title='bbox 207 3754 384 3839; x_wconf 87' lang='lat' dir='ltr'>sphaericus,</span> <span class='ocrx_word' id='word_1_247' title='bbox 399 3757 481 3817; x_wconf 87' lang='lat' dir='ltr'>etc*.</span> 
     </span>
    </p>
   </div>
   <div class='ocr_carea' id='block_1_5' title="bbox 198 3918 1306 4426">
    <p class='ocr_par' dir='ltr' id='par_1_8' title="bbox 198 3918 1306 4426">
     <span class='ocr_line' id='line_1_32' title="bbox 239 3918 1305 3991; baseline 0.001 -18"><span class='ocrx_word' id='word_1_248' title='bbox 239 3923 257 3961; x_wconf 61' lang='grc' dir='ltr'><em>ὕ</em></span> <span class='ocrx_word' id='word_1_249' title='bbox 274 3919 318 3973; x_wconf 84' lang='lat' dir='ltr'>Ex</span> <span class='ocrx_word' id='word_1_250' title='bbox 330 3918 374 3973; x_wconf 89' lang='lat' dir='ltr'>his</span> <span class='ocrx_word' id='word_1_251' title='bbox 384 3918 507 3989; x_wconf 82' lang='lat' dir='ltr'>sequitur</span> <span class='ocrx_word' id='word_1_252' title='bbox 517 3918 629 3973; x_wconf 83' lang='lat' dir='ltr'>ulterior</span> <span class='ocrx_word' id='word_1_253' title='bbox 643 3918 780 3991; x_wconf 80' lang='lat' dir='ltr'>responsio</span> <span class='ocrx_word' id='word_1_254' title='bbox 799 3923 893 3973; x_wconf 87' lang='lat' dir='ltr'>contra</span> <span class='ocrx_word' id='word_1_255' title='bbox 908 3918 1104 3990; x_wconf 82' lang='lat' dir='ltr'>peripateticos</span> <span class='ocrx_word' id='word_1_256' title='bbox 1140 3918 1221 3988; x_wconf 78' lang='lat' dir='ltr'>Nam,</span> <span class='ocrx_word' id='word_1_257' title='bbox 1238 3920 1305 3974; x_wconf 91' lang='lat' dir='ltr'>dum</span> 
     </span>
     <span class='ocr_line' id='line_1_33' title="bbox 204 4006 1305 4078; baseline 0 -17"><span class='ocrx_word' id='word_1_258' title='bbox 204 4008 295 4062; x_wconf 91' lang='lat' dir='ltr'>locum</span> <span class='ocrx_word' id='word_1_259' title='bbox 305 4006 439 4061; x_wconf 87' lang='lat' dir='ltr'>definiunt</span> <span class='ocrx_word' id='word_1_260' title='bbox 449 4008 609 4078; x_wconf 66' lang='lat' dir='ltr'>aiperficr&#39;em</span> <span class='ocrx_word' id='word_1_261' title='bbox 621 4025 758 4061; x_wconf 75' lang='lat' dir='ltr'>cmwavam</span> <span class='ocrx_word' id='word_1_262' title='bbox 770 4007 884 4076; x_wconf 63' lang='lat' dir='ltr'>corporcis</span> <span class='ocrx_word' id='word_1_263' title='bbox 895 4006 1029 4060; x_wconf 58' lang='lat' dir='ltr'>mutnet</span> <span class='ocrx_word' id='word_1_264' title='bbox 1038 4024 1093 4060; x_wconf 93' lang='lat' dir='ltr'>non</span> <span class='ocrx_word' id='word_1_265' title='bbox 1105 4006 1243 4078; x_wconf 79' lang='lat' dir='ltr'>attingimt</span> <span class='ocrx_word' id='word_1_266' title='bbox 1251 4007 1305 4061; x_wconf 86' lang='lat' dir='ltr'>nisi</span> 
     </span>
     <span class='ocr_line' id='line_1_34' title="bbox 198 4092 1303 4169; baseline 0 -20"><span class='ocrx_word' id='word_1_267' title='bbox 198 4097 329 4169; x_wconf 80' lang='lat' dir='ltr'>sormam,</span> <span class='ocrx_word' id='word_1_268' title='bbox 343 4111 403 4165; x_wconf 84' lang='lat' dir='ltr'>queo</span> <span class='ocrx_word' id='word_1_269' title='bbox 416 4095 463 4149; x_wconf 91' lang='lat' dir='ltr'>dat</span> <span class='ocrx_word' id='word_1_270' title='bbox 474 4112 531 4149; x_wconf 87' lang='lat' dir='ltr'>esse</span> <span class='ocrx_word' id='word_1_271' title='bbox 548 4094 616 4163; x_wconf 87' lang='lat' dir='ltr'>loco,</span> <span class='ocrx_word' id='word_1_272' title='bbox 634 4112 689 4149; x_wconf 89' lang='lat' dir='ltr'>nun</span> <span class='ocrx_word' id='word_1_273' title='bbox 707 4099 798 4149; x_wconf 87' lang='lat' dir='ltr'>autem</span> <span class='ocrx_word' id='word_1_274' title='bbox 815 4094 845 4148; x_wconf 94' lang='lat' dir='ltr'>id</span> <span class='ocrx_word' id='word_1_275' title='bbox 862 4095 934 4165; x_wconf 89' lang='lat' dir='ltr'>quod</span> <span class='ocrx_word' id='word_1_276' title='bbox 950 4094 980 4147; x_wconf 91' lang='lat' dir='ltr'>in</span> <span class='ocrx_word' id='word_1_277' title='bbox 996 4094 1056 4147; x_wconf 90' lang='lat' dir='ltr'>loco</span> <span class='ocrx_word' id='word_1_278' title='bbox 1070 4092 1154 4147; x_wconf 87' lang='lat' dir='ltr'>habet</span> <span class='ocrx_word' id='word_1_279' title='bbox 1169 4093 1303 4149; x_wconf 85' lang='lat' dir='ltr'>rationem</span> 
     </span>
     <span class='ocr_line' id='line_1_35' title="bbox 205 4178 1306 4254; baseline -0.002 -17"><span class='ocrx_word' id='word_1_280' title='bbox 205 4182 334 4250; x_wconf 72' lang='lat' dir='ltr'>materie,</span> <span class='ocrx_word' id='word_1_281' title='bbox 348 4180 376 4235; x_wconf 91' lang='lat' dir='ltr'>id</span> <span class='ocrx_word' id='word_1_282' title='bbox 393 4187 435 4235; x_wconf 86' lang='lat' dir='ltr'>est</span> <span class='ocrx_word' id='word_1_283' title='bbox 452 4181 628 4254; x_wconf 86' lang='lat' dir='ltr'>capacitatem</span> <span class='ocrx_word' id='word_1_284' title='bbox 645 4180 837 4248; x_wconf 79' lang='lat' dir='ltr'>ubicationum,</span> <span class='ocrx_word' id='word_1_285' title='bbox 855 4197 916 4251; x_wconf 81' lang='lat' dir='ltr'>quae</span> <span class='ocrx_word' id='word_1_286' title='bbox 933 4179 1021 4233; x_wconf 85' lang='lat' dir='ltr'>limite</span> <span class='ocrx_word' id='word_1_287' title='bbox 1038 4178 1159 4233; x_wconf 84' lang='lat' dir='ltr'>sensibili</span> <span class='ocrx_word' id='word_1_288' title='bbox 1176 4180 1306 4235; x_wconf 86' lang='lat' dir='ltr'>determi-</span> 
     </span>
     <span class='ocr_line' id='line_1_36' title="bbox 205 4264 1302 4338; baseline -0.001 -15"><span class='ocrx_word' id='word_1_289' title='bbox 205 4274 291 4323; x_wconf 86' lang='lat' dir='ltr'>natur.</span> <span class='ocrx_word' id='word_1_290' title='bbox 328 4267 405 4321; x_wconf 83' lang='lat' dir='ltr'>Bona</span> <span class='ocrx_word' id='word_1_291' title='bbox 416 4272 507 4323; x_wconf 87' lang='lat' dir='ltr'>autern</span> <span class='ocrx_word' id='word_1_292' title='bbox 518 4266 1129 4337; x_wconf 83' lang='lat' dir='ltr'>definitiodebetutrumquecompreheudera</span> <span class='ocrx_word' id='word_1_293' title='bbox 1165 4264 1213 4319; x_wconf 84' lang='lat' dir='ltr'>Sic</span> <span class='ocrx_word' id='word_1_294' title='bbox 1224 4285 1250 4321; x_wconf 88' lang='lat' dir='ltr'>v.</span> <span class='ocrx_word' id='word_1_295' title='bbox 1263 4284 1302 4338; x_wconf 84' lang='lat' dir='ltr'>gr.</span> 
     </span>
     <span class='ocr_line' id='line_1_37' title="bbox 206 4352 1306 4426; baseline -0.003 -15"><span class='ocrx_word' id='word_1_296' title='bbox 206 4356 241 4411; x_wconf 87' lang='lat' dir='ltr'>ad</span> <span class='ocrx_word' id='word_1_297' title='bbox 252 4354 435 4410; x_wconf 87' lang='lat' dir='ltr'>definiendum</span> <span class='ocrx_word' id='word_1_298' title='bbox 445 4354 534 4409; x_wconf 88' lang='lat' dir='ltr'>locum</span> <span class='ocrx_word' id='word_1_299' title='bbox 544 4354 735 4423; x_wconf 83' lang='lat' dir='ltr'>tetrahadrum,</span> <span class='ocrx_word' id='word_1_300' title='bbox 745 4371 799 4407; x_wconf 92' lang='lat' dir='ltr'>non</span> <span class='ocrx_word' id='word_1_301' title='bbox 817 4352 916 4408; x_wconf 88' lang='lat' dir='ltr'>sufficit</span> <span class='ocrx_word' id='word_1_302' title='bbox 933 4352 1063 4407; x_wconf 84' lang='lat' dir='ltr'>adducere</span> <span class='ocrx_word' id='word_1_303' title='bbox 1081 4355 1196 4423; x_wconf 88' lang='lat' dir='ltr'>quatuor</span> <span class='ocrx_word' id='word_1_304' title='bbox 1212 4371 1306 4426; x_wconf 84' lang='lat' dir='ltr'>super-</span> 
     </span>
    </p>
   </div>
   <div class='ocr_carea' id='block_1_6' title="bbox 0 0 1604 4984">
    <p class='ocr_par' dir='ltr' id='par_1_9' title="bbox 0 0 1604 4984">
     <span class='ocr_line' id='line_1_38' title="bbox 0 0 1604 4984; baseline 0 0"><span class='ocrx_word' id='word_1_305' title='bbox 0 0 1604 4984; x_wconf 95' lang='lat' dir='ltr'> </span> 
     </span>
    </p>
   </div>
  </div>
 </body>
</html>
