3200 4984
308 347 351 410 48
738 369 781 412 nn
797 367 982 412 rnrucrrrss
1257 347 1342 432 [car.
1359 369 1415 412 111.

307 533 456 601 theoriam
479 531 613 621 aliquam
636 531 906 620 profundissimam
929 540 961 597 et
982 531 1167 596 acutissimis
1189 533 1322 618 ingeniis
1344 533 1415 619 dig·

307 667 378 712 nam
406 643 486 712 circa
510 643 653 731 plurima,
680 643 719 710 de
744 642 857 729 quibus
882 643 1063 708 recentiores
1086 643 1206 731 physici
1230 644 1325 710 solam
1349 646 1415 710 fere

306 755 523 845 experientiam
540 756 646 837 secuti,
656 755 743 822 valde
757 754 941 841 incomplete
951 754 1146 842 loquuntur),
1155 778 1264 840 quum,
1273 756 1413 841 inquam,

305 877 426 937 constet
450 868 512 936 duo
535 867 690 934 volumina
712 867 897 955 hydrogenii
920 878 952 932 et
974 890 1073 932 unum
1096 867 1240 932 volumen
1269 870 1414 956 oxygenii

305 1003 371 1050 asae
386 989 484 1048 totam
500 979 702 1047 substantiam
718 979 915 1058 materialem,
926 1000 963 1043 ex
977 1001 1037 1064 qua
1049 979 1243 1064 componitur
1256 979 1413 1065 quoddam

306 1093 448 1162 volumen
478 1115 576 1180 aquae,
602 1115 665 1158 non
695 1101 797 1157 tamen
827 1091 887 1157 ista
913 1090 975 1155 duo
1004 1100 1077 1156 sunt
1102 1091 1202 1156 adhoc
1227 1114 1316 1176 aqua,
1339 1091 1412 1156 lieet

305 1205 492 1273 misceantur
522 1203 631 1270 simul:
655 1227 738 1284 nam,
768 1211 804 1268 ut
830 1202 961 1269 efficiam
990 1225 1110 1287 aquam,
1135 1203 1301 1287 requiritur
1329 1211 1413 1266 oerta

304 1317 439 1406 partium
469 1317 629 1408 dispositio
658 1325 689 1382 et
723 1315 916 1395 consociatio,
946 1337 1008 1401 qua
1034 1315 1144 1401 posita,
1173 1316 1252 1381 vires
1280 1316 1413 1400 singulae

303 1437 427 1498 exerunt
446 1429 663 1497 determinatas
682 1428 816 1494 actiones
835 1427 869 1492 in
889 1426 1028 1508 invicem,
1049 1428 1155 1513 quales
1168 1450 1234 1492 esse
1249 1427 1362 1492 debent
1376 1429 1410 1492 in

302 1563 382 1628 aqua
396 1541 482 1607 iuxta
500 1549 641 1608 naturam
663 1561 758 1625 aquae.
806 1537 1037 1624 Consequentur
1057 1539 1099 1619 id,
1120 1561 1181 1624 quo
1201 1561 1280 1624 aqua
1296 1539 1409 1604 forma·

301 1652 372 1718 liter
394 1652 592 1718 constituitur
614 1672 703 1737 aqua,
719 1671 783 1718 non
805 1659 852 1716 est
872 1650 942 1714 talis
964 1673 1064 1715 massa
1080 1651 1263 1738 hydrogenii
1285 1660 1316 1717 et
1337 1652 1409 1716 talis

302 1786 402 1830 massa
416 1763 568 1852 oxygenii,
585 1761 639 1830 sed
654 1771 700 1828 est
718 1761 788 1827 talis
807 1785 911 1826 earum
933 1783 1038 1842 nexus,
1054 1784 1115 1847 quo
1130 1761 1298 1842 deficiente,
1313 1763 1407 1827 habe-

302 1875 386 1942 bitur
400 1874 527 1942 materia
543 1873 680 1960 proxim'a
695 1895 790 1960 aquoe,
807 1895 870 1938 non
891 1883 993 1939 autem
1009 1881 1119 1938 natura
1129 1897 1228 1959 aquae.
1274 1875 1408 1939 Materia

301 2011 371 2054 vero
386 1987 523 2074 proxima
537 2007 624 2072 aquae
639 2008 702 2051 non
723 1995 769 2051 est
790 1985 916 2050 materia
936 1985 1043 2071 prima,
1060 1985 1114 2049 sed
1128 1985 1254 2050 materia
1266 1986 1407 2065 formata,

300 2097 470 2185 etquidem
493 2097 608 2184 duplici
627 2098 743 2164 forma:
766 2120 839 2178 una,
859 2120 921 2183 qua
943 2098 1073 2182 singulae
1090 2098 1168 2162 vires
1187 2097 1234 2162 vel
1256 2086 1359 2183 partes
1372 2099 1406 2162 in

300 2233 332 2278 se
355 2209 603 2278 constituuntur:
627 2209 731 2290 altere,
751 2232 812 2295 qua
833 2208 1058 2274 accidentaliter
1080 2210 1273 2277 constituunt
1292 2209 1405 2296 hydro-

299 2323 426 2410 genium
446 2332 477 2388 et
495 2321 683 2411 oxygenium
701 2321 918 2388 commixtum:
941 2322 1006 2385 haec
1026 2320 1159 2386 secunda
1172 2321 1270 2385 forma
1284 2321 1406 2402 transit,

300 2457 353 2502 scu
369 2435 584 2520 corrumpitur,
600 2433 780 2499 adveniente
794 2432 855 2497 alia
869 2432 1067 2517 dispositione
1081 2441 1112 2496 et
1127 2433 1352 2498 combinatione
1365 2434 1405 2498 ad

299 2557 441 2614 naturam
464 2569 551 2633 aquae
571 2545 748 2626 necessaria,
770 2567 839 2632 quse
859 2567 936 2609 nova
958 2544 1115 2629 dispositio
1137 2554 1168 2608 et
1191 2545 1405 2610 determinatio

299 2667 346 2726 eat
361 2660 522 2739 terminus,
535 2659 567 2723 in
584 2680 675 2744 quam
692 2656 804 2722 desinit
816 2658 970 2742 corruptio
981 2656 1090 2742 prioris
1104 2658 1219 2736 formae,
1230 2680 1300 2743 quae
1310 2668 1358 2723 est
1371 2658 1406 2722 in

298 2771 431 2836 mixtura
450 2768 710 2855 componentium.
756 2767 856 2832 Simili
878 2768 969 2833 modo
991 2767 1163 2832 ratiocinari
1184 2768 1255 2833 licet
1277 2769 1315 2834 de
1336 2770 1404 2835 aliis

298 2902 399 2946 rerum
415 2880 617 2946 materialium
633 2878 894 2965 generationibus.

340 2991 386 3058 Ex
408 2991 520 3077 quibus
538 2991 681 3056 omnibns
702 2991 930 3072 concludemus,
949 2992 1104 3056 theorema
1124 2994 1314 3077 propositum
1337 3015 1403 3057 esse

296 3123 411 3182 verum,
427 3110 458 3167 et
479 3101 547 3167 ideo
570 3104 603 3167 in
623 3103 821 3188 generatione
841 3103 885 3167 rei
904 3125 982 3187 pure
1002 3103 1166 3168 materialis
1180 3105 1309 3169 formam
1330 3105 1403 3169 sub-

296 3213 468 3278 stantialem
490 3235 553 3278 non
574 3215 682 3299 perire,
703 3223 734 3280 et
755 3215 992 3300 generationem,
1016 3238 1084 3301 quae
1101 3216 1214 3282 dicitur
1235 3218 1402 3282 substanti,

295 3325 362 3406 alis,
385 3325 545 3390 terminari
569 3326 607 3391 ad
630 3327 833 3392 substantiam
857 3327 982 3414 physice
1004 3328 1215 3413 compositam,
1237 3329 1400 3395 habentem

295 3435 334 3500 de
349 3457 380 3500 se
395 3436 597 3503 essentialiter
611 3437 695 3501 illam
718 3437 871 3522 duplicem
885 3438 1113 3520 formalitatem,
1129 3438 1167 3504 de
1189 3450 1251 3525 qua
1269 3440 1402 3505 dinmus

295 3570 327 3614 n.
344 3550 401 3612 40.

338 3663 391 3726 47.
415 3659 509 3725 Porro
523 3660 678 3746 generatio
693 3682 777 3724 novae
796 3659 986 3742 substantia,
1001 3662 1048 3728 vel
1067 3662 1170 3747 potius
1184 3685 1270 3730 novae
1284 3673 1401 3730 naturae
1477 3672 1481 3677 ’

295 3771 515 3852 substantialis,
538 3781 641 3857 potest
663 3771 729 3836 fieri
750 3772 784 3836 in
807 3773 899 3837 rebus
921 3796 999 3858 pure
1020 3775 1239 3856 materialibus,
1263 3777 1309 3843 vel
1331 3801 1400 3842 mu-

293 3885 388 3949 tando
398 3884 492 3948 solam
503 3883 732 3968 dispositionem
742 3884 887 3968 partium,
898 3883 943 3948 vel
956 3885 1178 3950 introducendo
1186 3909 1280 3953 novas
1288 3899 1400 3975 partes,

292 3995 340 4060 vel
370 3994 557 4060 excludendo
581 3994 697 4080 aliquas
720 3995 795 4059 alias
817 4003 930 4080 partes.
983 3995 1022 4060 ln
1042 3997 1142 4082 primo
1162 4020 1234 4062 casu
1257 4001 1305 4083 (ut
1329 4023 1400 4066 oum

292 4127 329 4169 ex
344 4105 533 4192 hydrogenio
548 4113 579 4169 et
594 4105 744 4191 oxygonio
761 4106 794 4170 tit
809 4129 898 4191 aqua,
914 4105 961 4171 vel
975 4129 1013 4171 ex
1031 4130 1110 4192 aqua
1129 4109 1252 4195 glacies)
1270 4114 1401 4179 mutatio

292 4217 513 4314 proprietatum
529 4216 728 4300 consequitur
748 4240 784 4281 ex
804 4213 973 4281 mutatione
988 4218 1094 4282 formae
1113 4217 1317 4303 accidentalis,
1332 4247 1401 4309 quae

291 4329 328 4394 ad
345 4337 486 4394 naturam
509 4327 673 4412 quamdam
689 4325 890 4392 essentialiter
904 4328 1046 4412 exigitur,
1061 4328 1094 4392 id
1109 4339 1156 4394 est
1177 4353 1215 4394 ex
1228 4335 1400 4399 mutatione
