3200 4984
296 379 338 443 16
706 397 749 442 na
765 397 950 442 rarucrrrrs
1252 376 1340 462 [car.
1357 397 1397 442 11.

293 584 383 650 posse
394 560 518 628 admitti
529 563 784 650 compositionem
798 564 909 629 εθεΙθιιι
924 572 956 628 et
971 563 1128 650 physicam
1144 562 1225 628 inter
1238 563 1399 629 materiam

290 675 422 762 primam
437 683 468 740 et
484 676 615 741 lormam
632 675 877 757 substantialem,
892 676 954 740 nisi
967 684 1098 761 utraque
1119 675 1246 741 haberet
1263 676 1398 762 aliquam

291 787 519 853 inchoationem
534 787 673 855 entitatis
688 788 777 854 realis
792 787 865 853 inde
879 788 1082 872 exsurgentis.
1119 788 1161 853 Et
1175 788 1314 872 prolecto
1328 788 1397 875 qui·

292 921 423 985 cumque
437 899 584 979 admittit,
600 900 759 964 materiam
779 907 811 964 et
833 899 963 964 formam
985 897 1171 964 constituere
1193 899 1396 964 substantiam

290 1009 418 1096 physice
440 1009 649 1095 compositam,
665 1009 756 1075 debet
776 1009 891 1095 absque
911 1009 1005 1076 dubio
1025 1009 1187 1076 admittere
1212 1010 1328 1095 aliquid
1342 1034 1397 1075 en-

291 1121 391 1186 titatis
406 1121 495 1186 realis
516 1121 609 1186 etiam
628 1122 661 1188 in
679 1122 807 1186 materia
825 1122 932 1207 prima.
979 1121 1041 1186 Sed
1057 1130 1160 1187 totum
1181 1122 1239 1186 hoc
1259 1121 1397 1208 procedit

291 1255 328 1296 ex
347 1232 556 1318 suppositione
575 1232 659 1319 quod
674 1233 802 1298 materia
816 1233 916 1318 prima
929 1240 961 1296 et
976 1232 1075 1296 lorma
1089 1231 1299 1297 substantialis
1313 1255 1395 1297 com-

291 1351 410 1430 ponant
424 1344 550 1430 physice
565 1343 780 1408 substantiam.
812 1342 887 1407 Haec
901 1351 1005 1407 autem
1021 1343 1192 1427 suppositio
1206 1351 1253 1406 θεῖ
1267 1342 1394 1408 omnino

293 1455 391 1536 lalsa3
418 1456 491 1541 quia
516 1464 563 1520 ast
588 1455 626 1520 de
652 1454 784 1520 essentia
807 1452 941 1542 physicae
969 1454 1207 1539 compositionis,
1233 1463 1268 1518 ut
1297 1477 1396 1518 unum

291 1569 401 1634 saltem
423 1591 460 1632 ex
485 1566 741 1654 componentibus
767 1567 865 1651 possit
891 1588 1015 1630 manere
1038 1566 1072 1631 in
1097 1588 1200 1630 rerum
1223 1574 1344 1646 natura,
1368 1566 1395 1630 si

289 1678 415 1743 tollatur
437 1678 540 1757 aliud;
562 1686 593 1742 et
616 1677 684 1742 ideo
706 1677 835 1742 minima
856 1677 997 1742 omnium
1014 1678 1271 1762 compositionum
1286 1678 1395 1764 physi-

291 1813 396 1856 carum
411 1800 457 1856 θεῖ
472 1789 652 1876 compositio
667 1813 704 1854 er
719 1790 892 1855 substantia
906 1799 937 1855 θῖ
952 1789 1044 1854 modo
1059 1789 1125 1854 eius
1140 1790 1223 1871 reali,
1236 1812 1395 1874 quaecam-

290 1903 403 1988 positio
426 1925 490 1968 non
517 1904 668 1967 diceretur
694 1902 831 1990 physica,
852 1902 879 1966 si
903 1901 1014 1965 modus
1031 1900 1120 1964 realis
1142 1900 1194 1965 ille
1213 1923 1276 1964 non
1291 1908 1396 1985 posset

291 2015 368 2094 tolli,
379 2024 522 2079 manente
537 2014 719 2080 substantia.
765 2014 811 2078 Ut
826 2036 899 2098 ergo
914 2013 1094 2097 compositio
1108 2035 1145 2077 ex
1161 2012 1287 2076 materia
1295 2012 1396 2097 prima

291 2135 322 2190 et
341 2125 440 2190 forma
458 2125 652 2190 substantiali
671 2125 732 2190 dici
752 2124 849 2210 possit
871 2124 1007 2210 physica,
1022 2146 1145 2188 necesse
1159 2125 1206 2188 'est
1222 2124 1331 2204 dicere,
1346 2123 1392 2188 vel

293 2237 452 2303 materiam
467 2239 610 2324 primam,
626 2237 674 2302 vel
688 2237 819 2301 formam
830 2234 1062 2299 substantialem
1075 2234 1159 2299 illius
1171 2258 1260 2321 posse
1267 2227 1396 2300 manere

291 2350 325 2415 in
339 2373 442 2415 rerum
457 2359 577 2430 natura,
589 2350 683 2414 altera
697 2348 809 2413 ablata.
847 2347 915 2412 Nos
930 2356 1034 2411 autem
1049 2347 1111 2411 iam
1125 2347 1322 2431 probavimus
1335 2347 1395 2412 hoc

291 2461 357 2527 lieri
379 2484 442 2526 non
464 2484 554 2546 posse
576 2483 608 2526 n.
626 2465 646 2526 7
661 2467 692 2525 et
707 2462 738 2524 9.
785 2459 846 2523 Sed
868 2466 904 2522 ut
927 2458 1042 2522 directe
1058 2458 1281 2543 respondeatur
1294 2458 1394 2523 obiec-

290 2575 379 2654 tioni,
394 2597 566 2659 quaeramns
581 2570 619 2637 ab
638 2571 810 2636 adversario
827 2570 904 2656 qnid
924 2569 966 2634 sit
985 2569 1140 2634 inchoatio
1158 2571 1248 2651 entis,
1264 2579 1295 2634 et
1317 2593 1393 2657 quo-

290 2685 384 2750 modo
405 2684 502 2769 possit
524 2682 643 2767 concipi
664 2705 727 2746 eaaa
748 2681 938 2746 inchoatum.
982 2681 1044 2761 An,
1060 2682 1133 2766 quia
1150 2705 1217 2746 esse
1234 2689 1281 2746 est
1296 2692 1393 2763 actus,

293 2916 351 2953 esse
368 2897 519 2970 potentiam
536 2897 643 2964 realem,
661 2895 811 2968 physicam,
824 2896 1053 2967 quemadmodum
1069 2896 1127 2969 ipse
1144 2913 1207 2951 cum
1224 2897 1329 2952 caeteris
1343 2897 1392 2952 ad·

291 2985 373 3039 misit
411 2982 467 3038 Sed
490 2982 514 3036 si
536 2981 650 3036 materia
671 2987 714 3036 est
731 2981 890 3051 substantia,
909 2982 1039 3053 quaeritur
1055 3001 1104 3055 per
1120 3001 1201 3056 quem
1219 2989 1311 3038 actum
1328 2983 1392 3039 sub·

292 3071 447 3126 stantialom
458 3076 501 3126 cst
511 3068 685 3124 substantia?
703 3071 750 3123 An
761 3087 826 3124 vero
838 3074 879 3124 θεῖ
891 3069 1042 3124 substantia
1053 3071 1111 3125 sine
1123 3076 1187 3125 actu
1198 3071 1391 3126 substantiali?

292 3160 331 3214 Et
342 3159 366 3213 si
376 3157 491 3213 materia
500 3157 588 3230 prima
599 3161 641 3210 est
653 3155 813 3226 substantia,
823 3157 859 3210 ad
875 3155 942 3227 quid
960 3156 1069 3212 additur
1082 3157 1169 3212 forma
1184 3158 1392 3214 substantialis?

292 3246 331 3300 Et
348 3263 396 3300 cur
413 3245 513 3300 dicitur
530 3243 682 3298 substantia
704 3245 791 3317 primo
809 3243 939 3299 constitui
962 3261 1010 3315 per
1026 3244 1169 3299 materiam
1186 3250 1215 3300 ct
1235 3245 1394 3316 lormam‚si

291 3333 406 3388 habetur
417 3331 568 3386 substantia
579 3331 637 3385 sina
649 3330 756 3385 formal

327 3419 358 3474 Si
369 3425 461 3474 tamen
473 3423 577 3473 attente
593 3417 800 3486 consideramus,
814 3417 913 3472 Suarez
927 3417 1028 3471 rectius
1045 3435 1129 3489 quam
1146 3417 1193 3472 alii
1210 3419 1293 3473 multi
1309 3420 1393 3474 ratio·

290 3507 396 3563 cinatus
414 3511 455 3561 est
472 3505 502 3560 in
517 3505 570 3561 hoc
581 3505 648 3578 ipso,
660 3505 690 3559 in
702 3523 756 3577 quo
768 3523 832 3560 enm
843 3504 1027 3577 relinquimus.
1063 3505 1136 3558 Nam
1148 3509 1219 3560 certe
1230 3507 1326 3578 nequit
1338 3507 1393 3562 dici

290 3612 354 3649 cum
371 3591 554 3666 peripateticis
572 3591 714 3647 materiam
731 3592 848 3664 primam
866 3609 923 3646 esse
943 3591 1094 3663 potentiam
1114 3593 1218 3661 realem,
1237 3593 1290 3647 nisi
1310 3593 1393 3648 simul

289 3692 353 3736 cum
365 3680 463 3735 Suarez
476 3679 637 3734 admittatur
654 3678 796 3734 materiam
814 3678 930 3751 primam
947 3695 1005 3731 esse
1023 3677 1134 3750 aliquod
1149 3697 1200 3732 aaa.
1237 3678 1293 3734 Sed
1305 3679 1329 3734 si
1340 3680 1392 3735 hoc

290 3769 458 3837 admittatur,
472 3766 528 3821 iarn
544 3785 599 3821 non
617 3766 707 3839 agitur
725 3766 757 3820 dc
776 3783 809 3819 ea
825 3764 943 3819 materia·
955 3763 1050 3836 prima,
1063 3782 1124 3837 quae
1143 3769 1185 3819 θεῖ
1201 3784 1247 3820 aec
1264 3767 1334 3838 quid,
1346 3787 1393 3822 nec

289 3856 372 3928 prole,
385 3874 430 3909 nec
441 3859 574 3926 mutant,
587 3872 633 3908 nec
644 3853 744 3924 aliquid
753 3870 843 3906 eorum
849 3871 901 3922 per
913 3870 970 3923 quoe
982 3870 1026 3905 eras
1038 3852 1233 3922 determinatur,
1246 3854 1294 3908 sod
1302 3855 1393 3926 agiam

290 3944 324 3999 de
336 3941 478 3998 adstantia
483 3942 576 4012 prima
587 3940 724 4008 mandati,
737 3956 798 4011 quae
811 3939 955 3994 accedente
968 3938 1054 3993 torma
1065 3939 1182 3993 naturali
1196 3939 1334 4011 (natmali,
1347 3941 1391 3995 in-

290 4048 380 4104 quam,
398 4047 452 4084 non
470 4026 658 4083 substantiali:
687 4025 800 4080 stratio
817 4025 1000 4080 distinctionis
1011 4025 1152 4099 apparebit
1162 4026 1235 4081 infra
1245 4045 1272 4080 n.
1285 4028 1389 4101 40-41)

288 4119 322 4172 fit
333 4134 410 4189 aqua,
422 4115 467 4171 vel
478 4115 559 4188 ignis,
571 4115 616 4169 vel
628 4117 680 4183 adr,
689 4113 734 4168 vel
745 4118 824 4183 terra,
836 4113 882 4167 vel
893 4113 1034 4186 quodlibet
1045 4113 1128 4167 aliud
1165 4113 1247 4179 Quod
1258 4114 1390 4170 siSuarea

289 4204 341 4258 hoc
353 4202 433 4257 modo
445 4200 549 4273 accepit
559 4200 699 4254 materiam
704 4199 832 4270 pomam,
842 4198 971 4254 dicendus
980 4204 1022 4254 est
1029 4216 1148 4254 servasse
1159 4217 1258 4254 nomen
1269 4202 1391 4258 materiae

288 4291 383 4363 primae
395 4293 424 4343 et
435 4286 529 4342 formae
541 4285 726 4342 substantialis
736 4291 847 4358 propter
856 4285 914 4339 vim
925 4285 1135 4354 consuetudinis,
1146 4287 1194 4342 sed
1205 4286 1235 4341 in
1247 4305 1276 4342 re
1284 4288 1391 4345 locutus

288 4378 370 4432 fuisse
379 4375 413 4432 de
425 4373 539 4428 materia
550 4377 659 4430 actuata
669 4377 697 4428 et
708 4371 795 4427 forma
806 4372 931 4427 naturali.
