3200 4984
306 368 370 433 176
619 386 662 431 nr
678 386 884 431 suasrssms
900 387 1081 433 conruens.
1259 368 1346 450 [css.
1361 386 1403 431 ιι.

305 550 425 617 dnobus
448 550 605 617 elementis
628 549 781 617 lineariter
804 548 1023 629 oscillantibus,
1048 556 1102 613 ant
1124 547 1224 613 tribus
1247 571 1276 615 r.
1299 571 1347 634 gr.
1369 550 1403 615 in

303 662 492 747 triangulum
508 660 672 747 dispositis,
687 668 718 726 et
733 683 765 725 se
779 660 813 725 in
828 661 986 746 superficie
999 660 1052 725 illa
1072 659 1266 725 moventibus
1274 686 1284 739 3
1306 682 1403 745 quum

304 774 437 841 actiones
451 782 566 839 mntuae
576 773 746 839 vicinorum
760 773 981 838 elementorum
994 772 1162 837 necessario
1171 770 1302 837 debeant
1310 772 1403 837 talem

305 886 532 971 dispositionem
547 885 662 965 tollere,
684 884 732 951 vel
746 884 902 949 miscendo
917 906 950 948 se
966 883 1026 948 illis
1046 882 1214 961 elementia,
1229 882 1277 947 vel
1293 882 1346 947 illa
1364 882 1404 947 ad

306 1020 339 1062 se
363 996 514 1063 trahendo
537 996 584 1065 vel
613 996 701 1062 aliter
729 995 954 1061 constituendo.
1006 995 1047 1061 In
1075 995 1271 1079 corruptione
1299 1004 1403 1059 tamen

306 1108 545 1175 substantiarum
559 1131 623 1173 non
637 1116 789 1194 repugnat
804 1108 965 1173 admittere
978 1106 1095 1192 aliqum
1106 1105 1268 1172 moleculas
1276 1105 1405 1171 lineares

305 1233 359 1287 aut
381 1220 582 1306 superficiales
604 1220 893 1306 obtinerippropter
907 1218 1127 1285 resolutionem
1147 1218 1327 1303 compositi3
1349 1217 1406 1282 sed

305 1334 353 1399 hue
367 1333 523 1399 molecnloe
536 1341 666 1419 possunt
682 1332 741 1398 dici
755 1331 913 1397 instabiles
927 1341 982 1397 aut
996 1340 1189 1411 trementes,
1204 1338 1235 1397 et
1249 1352 1312 1395 non
1332 1351 1406 1395 con·

306 1445 440 1511 stitnunt
454 1444 587 1532 aliquam
603 1444 806 1511 substantiam
820 1445 991 1509 naturalem
1005 1452 1247 1530 permanentem.
1291 1442 1325 1507 Si
1335 1442 1406 1529 quis

304 1580 379 1643 ergo
393 1556 508 1622 dividat
523 1556 686 1622 molooniae
700 1556 734 1620 in
747 1555 816 1620 illas
830 1565 893 1621 tres
902 1556 1021 1636 classes,
1032 1555 1235 1621 considerabit
1243 1555 1407 1620 moleculas

305 1668 514 1755 philosophice
528 1676 582 1733 aut
595 1668 790 1735 mechanice:
813 1689 877 1732 uon
891 1690 961 1733 vero
975 1666 1106 1754 proprie,
1121 1667 1201 1732 sicin
1210 1666 1406 1731 consideran-

305 1790 389 1845 tura
403 1780 546 1868 physicis.

350 1895 403 1958 80.
428 1891 583 1970 Quaeritur
596 1914 669 1976 ergo
683 1890 874 1971 duodecimo,
889 1892 1034 1975 quodsum
1047 1892 1089 1955 sit
1095 1890 1226 1975 somate
1240 1892 1408 1955 constituti-

307 2028 374 2071 cum
387 2006 542 2071 maleculoe.

350 2117 541 2203 Respondeo,
564 2116 690 2183 formale
705 2116 937 2182 constitutivum
960 2114 1116 2179 moleculae
1137 2136 1203 2179 esse
1226 2113 1409 2179 determina·

307 2231 421 2295 tionem
441 2228 575 2314 partium
592 2228 631 2293 ad
653 2237 771 2293 motum
793 2227 1010 2293 oscillatorium
1032 2226 1111 2291 circa
1133 2249 1232 2291 unum
1257 2235 1409 2306 centrum,

307 2344 388 2407 inter
402 2350 550 2426 angustos
565 2340 677 2405 limites
688 2339 870 2404 naturaliter
877 2346 1129 2424 perseverantem.
1175 2337 1256 2403 Nam
1268 2338 1300 2402 in
1310 2337 1409 2424 quali-

306 2453 360 2518 bet
374 2451 523 2517 molecula
536 2473 599 2515 non
614 2450 814 2515 inveniuntur
827 2449 888 2513 nisi
903 2449 969 2515 haec
983 2457 1134 2534 quatuor:
1156 2458 1256 2513 centra
1277 2449 1409 2513 elemen-

308 2574 421 2643 torum,
436 2567 512 2629 circs
526 2563 640 2642 activae,
656 2565 785 2627 actiones
806 2561 916 2627 urium
930 2569 961 2625 et
975 2561 1097 2645 effectus
1117 2560 1227 2625 harum
1242 2561 1408 2625 actionum.

308 2675 406 2761 Atqui
420 2673 574 2740 evidenter
588 2672 821 2738 constitutivum
835 2669 961 2736 formale
975 2670 1202 2736 moleculaenon
1211 2680 1285 2735 sunt
1294 2680 1410 2750 centra,

308 2809 365 2852 nec
389 2786 478 2867 vires,
501 2807 558 2849 nec
583 2784 715 2849 actiones
737 2784 858 2848 virium.
902 2783 986 2868 Ergo
1015 2782 1076 2847 tale
1101 2783 1333 2848 constitutivum
1362 2790 1410 2847 est

190 2899 194 2909 '
309 2899 375 2984 ipse
399 2898 525 2963 effectus
551 2896 659 2961 talium
679 2896 846 2975 actionum,
869 2918 925 2961 seu
947 2894 1157 2960 determinatio
1175 2904 1351 2960 centrorum
1370 2895 1411 2959 ad

310 3019 429 3075 motum
444 3008 661 3074 oscillatorium
675 3017 830 3073 mutuum.
874 3006 965 3076 Prob.
981 3006 1056 3072 min.
1100 3006 1142 3071 Et
1156 3007 1409 3092 primoipsucea-

311 3132 359 3188 tra
375 3121 494 3208 passiva
517 3129 590 3185 sunt
613 3143 703 3186 causa
725 3114 899 3199 materialis,
921 3119 955 3183 in
970 3142 1032 3205 qua
1052 3119 1147 3205 recipi
1168 3119 1257 3185 debet
1280 3120 1324 3201 id,
1346 3142 1409 3205 quo

310 3236 439 3301 invicem
461 3242 681 3297 connectantur
695 3233 735 3297 ad
756 3232 943 3297 efficiendam
958 3231 1156 3297 molcculum:
1177 3254 1240 3296 non
1254 3242 1410 3317 ergcsunt

312 3344 543 3411 constitutivum
558 3344 624 3408 eius
638 3342 773 3409 formale.
821 3342 960 3408 Secundo
973 3345 1060 3423 vires,
1075 3351 1167 3429 prout
1175 3343 1411 3428 distinguuntur

311 3458 349 3524 ab
364 3480 468 3523 earum
482 3455 632 3536 exercitio,
647 3478 710 3520 non
725 3455 832 3521 dicunt
846 3454 1024 3519 relationem
1037 3454 1077 3519 ud
1086 3454 1200 3540 aliquid
1211 3464 1294 3520 extra
1305 3478 1347 3536 se,
1357 3456 1412 3520 sed

312 3579 385 3636 sunt
399 3570 476 3655 ipsae
490 3570 595 3633 formae
609 3590 662 3633 scu
677 3576 763 3632 aetus
778 3567 992 3632 substantiales
1008 3566 1114 3632 dantes
1129 3567 1259 3652 singulis
1275 3568 1411 3632 materiis

311 3682 446 3769 primum
461 3703 546 3745 esse:
568 3688 600 3745 et
615 3679 721 3744 eodem
744 3678 836 3743 modo
858 3688 941 3758 sunt,
962 3678 1024 3743 sive
1046 3677 1195 3743 elementa
1216 3679 1364 3744 uniantur
1377 3680 1410 3744 in

312 3793 504 3873 moleculam,
528 3792 590 3857 sive
604 3814 667 3856 non
676 3818 686 3872 3
707 3813 769 3855 non
791 3813 865 3875 ergo
883 3791 1078 3856 constituunt
1093 3791 1260 3855 formaliter
1278 3791 1410 3857 molocu-

311 3908 384 3987 lam,
399 3906 453 3971 sed
465 3913 588 3970 tantum
602 3904 750 3969 elementa
759 3902 925 3967 moleculae.
968 3902 1071 3967 Tertio
1080 3902 1327 3967 actionesvirinm
1336 3913 1411 3967 sunt

312 4042 403 4085 causa
424 4018 566 4096 efficiens,
589 4024 625 4079 ut
646 4022 740 4100 patet,
764 4036 827 4077 non
842 4036 933 4085 causa
954 4014 1099 4093 formalis,
1121 4013 1204 4078 illius
1227 4013 1410 4080 determina·

312 4130 415 4208 tionis,
445 4151 512 4213 quae
543 4126 672 4211 singulae
701 4134 802 4212 partes
830 4124 989 4189 moleculae
1015 4124 1143 4190 invicem
1177 4135 1408 4191 connectuntur.

313 4242 463 4305 Remanet
477 4259 561 4323 ergo,
578 4246 613 4301 ut
628 4236 861 4301 constitutivum
882 4235 1008 4301 formale
1022 4236 1178 4301 molccnlae
1200 4237 1240 4300 sit
1254 4238 1410 4305 resultatio

313 4350 453 4436 quaedam
468 4348 623 4414 actionum
639 4370 700 4411 nou
723 4356 758 4411 ut
776 4370 809 4411 se
824 4347 1027 4413 exercentium
1049 4348 1155 4427 active,
1171 4348 1224 4413 sed
1246 4358 1281 4413 nt
1295 4350 1412 4434 passive
