3200 4984
311 308 377 373 266
667 330 709 375 or
725 332 845 377 rursus
860 332 1052 379 courrnurs.
1284 314 1368 399 [car.
1384 338 1405 380 1.

311 499 404 565 etiam
427 500 596 566 seeundum
621 502 769 586 quasdam
795 500 869 565 alias
894 501 1104 567 virtualitates.
1155 503 1196 568 ln
1219 504 1278 569 hoe
1302 515 1405 570 autem

310 612 395 677 nulla
413 612 534 677 ostendi
559 621 659 698 potest
686 613 924 698 impossibilitas,
940 636 1037 699 quum
1058 614 1248 679 immensitas
1261 617 1322 680 Dei
1343 639 1405 681 non

310 722 420 787 lrabeat
434 746 529 788 unam
543 724 758 789 virtualitatem
773 724 824 789 hie
838 733 870 789 et
884 724 975 789 aliam
988 725 1041 805 ibi,
1057 726 1112 790 sed
1124 726 1277 792 infinitam
1291 728 1405 792 vimna-

309 833 427 899 litatem
442 836 574 901 inomni
587 838 647 903 ubi.
693 836 743 901 Sic
757 860 783 901 v.
800 858 847 921 gr.
864 838 974 901 Petrus
995 836 1102 901 Romae
1115 838 1257 903 habitans
1271 862 1405 926 praesens

308 954 355 1010 est
370 946 481 1013 divinae
495 948 703 1029 immensitati,
722 949 891 1014 secundum
912 948 995 1034 quod
1017 948 1083 1013 hmo
1101 949 1221 1014 realiter
1243 951 1405 1037 respondet

308 1058 474 1124 ubieationi
495 1084 642 1127 romanae:
666 1060 719 1126 sed
740 1062 814 1146 quia
834 1062 939 1127 eadem
960 1061 1149 1128 immensitas
1171 1064 1291 1129 realiter
1312 1066 1404 1129 etiam

309 1172 472 1256 respondet
493 1174 659 1239 ubieationi
680 1174 863 1254 londinensi,
886 1182 989 1259 potest
1009 1176 1085 1255 fieri,
1108 1176 1134 1239 si
1156 1176 1242 1240 Deus
1263 1178 1347 1257 velit,
1368 1186 1403 1242 ut

308 1282 418 1347 Petrus
440 1284 561 1369 utrique
575 1285 743 1350 ubieationi
760 1285 1003 1370 correspondeat,
1024 1287 1191 1352 dnmmodo
1203 1288 1352 1353 referatur
1365 1289 1405 1353 ad

307 1395 543 1461 immensitatem
565 1397 625 1462 Dei
648 1398 817 1464 seeundum
843 1397 920 1463 duas
944 1398 1013 1463 illas
1038 1399 1170 1463 diversas
1191 1400 1402 1464 virtualitates.

308 1505 364 1571 Nil
378 1515 480 1571 autem
495 1508 581 1574 obest
595 1510 667 1576 huie
682 1509 797 1595 duplici
811 1509 1106 1595 correspondentiae3
1128 1509 1214 1574 nulla
1228 1511 1311 1575 enim
1325 1512 1402 1574 ratio

306 1618 435 1687 inveniri
446 1630 556 1705 potest,
565 1645 626 1708 qua
633 1621 788 1707 probetur,
798 1622 975 1686 relationem
990 1622 1030 1686 ad
1043 1622 1156 1702 Deum,
1172 1630 1208 1686 ut
1223 1632 1402 1707 praesentem

307 1732 425 1813 Romae,
436 1734 591 1799 excludere
600 1734 833 1819 possibilitatem
844 1734 1000 1798 relationis
1009 1733 1047 1798 ad
1056 1734 1168 1814 Deum,
1178 1744 1214 1799 ut
1223 1744 1402 1820 praesentem

306 1844 449 1910 Iaondini.
494 1846 644 1911 Praeterea
662 1846 757 1910 thesis
774 1846 896 1911 videtur
910 1846 1036 1909 omnino
1052 1846 1234 1911 concordare
1248 1869 1318 1911 eum
1333 1846 1402 1933 plu-

305 1957 390 2021 ribus
411 1958 499 2023 iactis
517 1957 807 2043 supernaturalibus,
824 1979 892 2042 quae
906 1979 1008 2021 veram
1030 1957 1244 2022 biloeationem
1265 1957 1401 2023 eiusdem

304 2070 438 2134 hominis
452 2070 545 2135 fuisse
562 2070 673 2134 laetam
688 2069 865 2133 ostendunt.
911 2069 1043 2153 Insuper
1065 2069 1147 2133 idem
1162 2092 1271 2154 eorpus
1287 2054 1404 2135 Christi

304 2190 350 2245 est
365 2182 622 2246 sacramentaliter
635 2182 668 2245 in
683 2180 824 2266 pluribus
838 2180 922 2259 loeis,
938 2189 968 2244 et
983 2180 1107 2265 quidem
1118 2181 1248 2261 realiter,
1260 2182 1330 2246 lieet
1338 2205 1401 2247 non

304 2294 487 2357 extendatur
509 2293 687 2358 naturaliter
706 2315 761 2378 per
781 2292 858 2357 loea.
902 2292 1039 2356 Tandem
1060 2293 1177 2357 adverti
1193 2303 1303 2377 potest,
1319 2295 1402 2379 quod

303 2427 393 2469 omne
407 2428 525 2491 eorpus,
539 2407 613 2469 dum
628 2413 775 2483 movetur,
786 2405 947 2489 coniungit
961 2404 1181 2488 procedentem
1197 2405 1400 2471 ubieationem

304 2540 374 2582 cum
399 2518 572 2583 immediate
596 2527 751 2603 sequente,
772 2517 816 2580 ita
833 2525 870 2580 ut
889 2517 954 2580 haee
975 2516 1015 2579 sit
1034 2515 1175 2602 quaedam
1197 2517 1280 2581 illius
1303 2519 1400 2583 eonti-

303 2629 427 2694 nuatio:
449 2630 519 2694 lieet
534 2637 636 2695 autem
656 2652 718 2693 non
742 2629 895 2714 possimus
918 2628 1066 2713 explicare
1088 2628 1167 2693 hanc
1191 2625 1401 2694 ubieationum

303 2742 572 2821 continuationem,
587 2764 649 2806 non
669 2751 773 2806 tamen
792 2763 941 2825 negamus
961 2740 1191 2825 possibilitatem
1212 2751 1314 2825 motus
1328 2766 1400 2809 eum

302 2875 338 2916 ea
352 2854 519 2917 neoessario
534 2876 708 2918 connexam.
755 2853 912 2930 Similiter,
927 2851 999 2916 lieet
1020 2873 1084 2915 non
1099 2852 1307 2937 intelligamus
1321 2855 1400 2920 bilo-

303 2966 463 3043 ontionem,
479 2988 541 3028 non
561 2987 724 3049 possumus
742 2964 808 3028 eiua
827 2964 1060 3048 possibilitatem
1082 2986 1212 3047 negare3
1236 2988 1307 3030 nam
1321 2966 1402 3032 bilo·

302 3077 382 3141 eatio
396 3082 429 3141 in
443 3077 500 3140 hoe
514 3086 637 3141 tantum
659 3076 779 3141 videtur
795 3076 915 3139 differre
929 3098 946 3138 a
967 3074 1087 3139 duabus
1101 3076 1326 3143 ubieationibns
1340 3082 1401 3143 im·

302 3187 433 3251 mediate
448 3186 591 3272 proximis
606 3188 739 3270 eorporis
753 3186 785 3249 in
801 3195 899 3265 motu,
914 3186 998 3271 quod
1012 3187 1060 3249 hae
1074 3188 1143 3251 duae
1157 3188 1220 3251 sint
1234 3190 1398 3271 continuae,

302 3298 355 3362 illa
377 3298 417 3361 sit
439 3298 584 3377 disereta3
611 3320 666 3361 nee
688 3298 784 3361 maior
807 3307 854 3361 est
876 3296 1036 3361 difficultas
1058 3319 1114 3381 pro
1136 3321 1208 3379 una,
1230 3321 1324 3383 quam
1341 3324 1399 3385 pro

302 3410 405 3474 altera.
449 3411 532 3492 Ergo
546 3408 700 3493 possibilis
715 3408 842 3472 dicenda
857 3417 904 3471 est
919 3408 1069 3472 biloeatio.
1178 3469 1182 3475 .

345 3523 398 3586 26.
425 3524 551 3585 Obiieiee
567 3524 608 3585 1⁰.
632 3521 681 3584 De
695 3521 812 3584 ratione
825 3520 980 3584 essentiali
994 3520 1087 3583 unius
1101 3522 1282 3605 quantitatis
1293 3532 1349 3603 est,
1361 3534 1398 3588 ut

302 3637 343 3701 sit
361 3635 490 3700 indivisa
510 3634 544 3697 in
566 3656 597 3697 se
617 3640 647 3697 et
661 3656 679 3697 a
694 3654 735 3697 se.
778 3632 877 3717 Atqui
898 3632 925 3695 si
945 3639 1110 3716 poneretur
1130 3632 1164 3695 in
1187 3632 1306 3697 duobus
1324 3634 1399 3699 loeis

302 3749 421 3827 Petrus,
437 3746 539 3811 eadem
555 3746 709 3831 quantitas
729 3753 809 3809 esset
827 3743 923 3808 divisa
938 3765 955 3806 a
970 3766 1013 3807 se.
1056 3742 1139 3827 Ergo
1159 3745 1267 3829 nequit
1287 3746 1397 3811 Petrus

302 3883 367 3925 esse
392 3860 425 3923 in
449 3859 567 3925 duobus
590 3859 675 3923 locis.
719 3857 826 3921 Minor
846 3863 949 3940 patet3
980 3878 1052 3920 nam
1078 3856 1233 3940 quantitas
1258 3867 1398 3923 censetur

302 3972 406 4051 divisa,
421 3973 507 4035 euius
523 3970 694 4056 superficies
709 3969 834 4046 distant,
850 3976 881 4031 et
895 3968 976 4032 inter
990 3990 1067 4053 quas
1081 3968 1195 4031 mediat
1210 3967 1334 4054 aliquod
1348 3970 1396 4033 in-

300 4083 470 4147 tervallum.
513 4083 611 4167 Atqui
626 4082 652 4145 si
666 4082 776 4146 Petrus
796 4081 836 4144 sit
856 4079 990 4143 Londiui
1005 4087 1036 4143 et
1054 4080 1170 4157 Romae,
1192 4080 1271 4144 inter
1292 4103 1397 4167 snper-

300 4194 398 4258 fieiem
413 4217 480 4277 quae
495 4202 542 4258 est
551 4194 666 4271 Romae,
676 4203 707 4257 et
718 4191 917 4277 superficiem,
930 4213 998 4276 quae
1007 4199 1085 4255 esset
1097 4190 1241 4271 Londini,
1251 4193 1397 4257 mediaret

299 4306 408 4390 ingens
423 4305 575 4370 distantia.
619 4307 704 4390 Ergo
717 4306 874 4390 quantitas
887 4305 940 4369 illa
954 4312 1034 4369 esset
1048 4303 1153 4368 divisa.
