3200 4984
194 397 264 443 cir.
281 379 336 464 11.]
570 402 689 446 neuun
706 401 933 448 uicesimum.
1254 384 1294 446 17
1347 459 1351 466 ¹

192 563 401 649 concipiemus
417 589 483 630 esse
498 567 675 632 inchoatum
692 578 851 655 tamqnam
865 578 968 634 aetum
985 569 1189 633 inchoatum?
1234 567 1295 632 Sed

192 683 279 740 aetus
294 677 416 741 essendi
430 685 461 742 et
477 679 614 763 potentia
633 679 754 743 essendi
773 689 847 744 sunt
868 681 1009 766 opposita
1027 689 1060 744 et
1080 703 1143 744 nou
1163 688 1294 764 possunt

192 789 354 854 convenire
364 789 444 854 iuter
456 814 488 855 εθ
498 813 553 875 per
567 791 806 872 inchoationem,
819 794 892 878 quia
903 794 1078 878 oppositum
1094 816 1156 856 uon
1172 793 1295 856 inchoat

193 898 278 963 aliud
287 901 475 985 oppositum.
521 903 555 966 Si
565 925 637 970 vero
646 905 773 967 materia
783 905 881 988 prima
892 927 955 969 uon
972 914 1050 968 esset
1064 927 1143 989 pura
1157 903 1297 988 potentia

192 1011 324 1091 essendi,
339 1012 401 1077 iam
421 1021 493 1078 actu
513 1023 602 1090 esset,
618 1023 649 1078 et
669 1037 732 1079 non
748 1024 870 1102 tantum
886 1016 1068 1094 inchoative,
1084 1014 1137 1079 sed
1151 1014 1293 1100 perfecte,

192 1143 290 1206 quum
304 1122 385 1188 inter
399 1147 465 1188 θεεθ
479 1131 510 1189 θῖ
521 1147 583 1190 nou
595 1147 660 1189 esse
671 1126 794 1190 nullum
805 1127 895 1190 detur
903 1127 1048 1190 medium.
1093 1125 1196 1202 Quare
1207 1135 1293 1190 cetus

192 1233 313 1298 essendi
330 1235 438 1320 nequit
456 1258 522 1300 esse
544 1236 745 1317 inchoativns,
761 1238 815 1302 sed
834 1238 881 1303 vel
900 1246 946 1302 θεῖ
961 1237 1009 1302 vel
1028 1247 1156 1302 nonest
1174 1236 1292 1321 simpli·

191 1344 275 1410 citer.
321 1345 473 1411 Praeterea
492 1370 590 1432 quum
612 1348 711 1412 omnis
731 1356 818 1412 aetus
839 1349 880 1412 sit
902 1349 1010 1428 forma,
1028 1355 1064 1412 ut
1082 1348 1193 1412 Saurea
1219 1369 1291 1411 con-

193 1456 284 1536 oedit,
299 1456 454 1522 inchoatio
469 1467 554 1522 actus
570 1468 648 1523 θεεθῖ
668 1459 823 1523 inchoatio
837 1459 952 1538 formae,
967 1481 1030 1524 nou
1044 1467 1148 1524 autem
1165 1457 1294 1522 materia

192 1565 301 1649 prima,
317 1589 414 1651 quum
429 1569 555 1632 materia
570 1577 601 1632 θῖ
615 1569 714 1632 forma
733 1578 939 1653 opponantur.
984 1568 1105 1634 Deinde
1123 1569 1149 1632 si
1167 1567 1294 1632 materia

192 1677 290 1760 prima
301 1687 380 1742 esset
396 1687 482 1744 cetus
496 1680 667 1760 inchoatus,
679 1681 774 1765 quaeri
788 1690 900 1765 potest,
912 1689 1018 1744 utrum
1033 1687 1119 1745 aetus
1130 1679 1292 1744 inchoatus

191 1789 232 1852 sit
247 1769 372 1874 aliquid,
388 1813 427 1854 an
443 1791 530 1854 nihil.
577 1790 614 1854 Si·
625 1790 714 1871 nihil,
737 1813 811 1874 ergo
835 1791 961 1856 materia
975 1791 1073 1876 prima
1087 1798 1134 1854 est
1148 1790 1243 1854 nihil:
1266 1788 1293 1853 si

190 1899 318 1984 aliquid,
334 1924 407 1986 ergo
430 1903 557 1967 materia
577 1903 676 1987 prima
698 1911 745 1966 est
766 1925 840 1981 eus;
862 1925 934 1966 nam
956 1923 1011 1967 ens
1033 1912 1064 1967 et
1086 1901 1202 1986 aliquid
1219 1923 1292 1965 con-

191 2022 364 2078 vertuntur.
409 2014 477 2078 Erit
497 2019 601 2078 autem
620 2037 675 2078 ens
695 2013 728 2078 in
749 2038 791 2094 se,
807 2037 843 2078 eo
862 2014 929 2099 ipso
943 2014 1027 2099 quod
1041 2036 1104 2077 uon
1119 2013 1245 2098 ponitur
1258 2012 1292 2076 iu

190 2123 272 2204 ali03
296 2133 327 2188 et
345 2125 414 2190 ideo
430 2125 556 2190 materia
570 2125 669 2210 prima
683 2126 740 2190 erit
756 2148 826 2190 vera
841 2124 1012 2190 substantia
1020 2154 1030 2206 3
1053 2135 1084 2190 et
1099 2125 1142 2189 sic
1156 2147 1219 2189 non
1235 2125 1293 2188 erit

190 2235 360 2300 necessaria
374 2235 476 2321 aliqua
490 2237 587 2302 formo
601 2260 667 2301 eam
683 2249 812 2302 aetuans
826 2237 1075 2302 substantialiter.
1108 2236 1177 2301 Hoc
1189 2239 1291 2301 antem

190 2352 310 2427 pugnat
319 2359 391 2408 cnm
403 2343 581 2409 defiuitione
590 2356 711 2431 recepta
720 2347 855 2411 materiae
866 2347 981 2432 primae,
994 2356 1025 2411 θῖ
1039 2347 1180 2411 convenit
1191 2347 1291 2411 solum

190 2455 325 2518 materiae
341 2455 491 2537 secundae,
505 2479 576 2542 quae
590 2456 683 2521 habet
698 2467 801 2522 aetum
820 2480 838 2521 a
858 2481 913 2521 sua
933 2458 1043 2522 forma.
1086 2457 1204 2543 Nequit
1218 2480 1292 2543 ergo

190 2565 314 2630 admitti
329 2566 438 2653 aliquis
453 2576 539 2633 actus
554 2567 723 2632 essentialis
737 2569 940 2652 inchoativus.

233 2681 287 2743 26.
311 2680 491 2763 Replicatis.
551 2680 684 2746 Privatio
714 2703 777 2746 uon
807 2689 854 2746 θεῖ
880 2682 1064 2767 principium
1089 2682 1290 2746 intrinsecum

189 2789 291 2868 eutis3
322 2791 461 2876 opposite
482 2790 564 2855 euim
587 2814 649 2856 uon
672 2792 820 2856 inchoant
842 2815 874 2857 se
896 2803 1017 2859 mutuo.
1060 2794 1144 2877 Ergo
1166 2794 1292 2857 materia

189 2899 290 2984 prima
304 2922 367 2965 non
381 2913 429 2966 est
443 2901 582 2985 privatio.

233 3011 425 3096 Respondeo.
470 3011 604 3077 Privatio
619 3035 684 3080 nou
703 3022 750 3077 θεῖ
772 3014 958 3100 principium
979 3015 1060 3079 eutis
1080 3016 1290 3101 perfectivum,

189 3131 221 3186 ct
240 3123 276 3187 in
297 3124 415 3188 ratione
429 3145 527 3188 cansae
541 3148 565 3188 c.
582 3133 645 3189 ant.
660 3147 724 3190 uon
739 3135 786 3190 est
800 3126 988 3211 principium
1003 3127 1197 3208 defectivum,
1212 3136 1243 3192 θῖ
1258 3129 1291 3192 iu

189 3234 308 3299 ratione
324 3233 448 3299 termini
469 3258 499 3298 c.
516 3242 577 3301 ont.
623 3235 674 3299 Ad
692 3236 843 3299 rationem
860 3259 886 3302 c.
901 3247 965 3302 ant.
986 3246 1019 3302 et
1040 3260 1070 3302 a.
1086 3261 1163 3303 eona.
1209 3238 1291 3303 Nam

189 3345 376 3430 principium
389 3345 586 3410 limitativnm
601 3346 682 3410 entis
696 3369 759 3411 non
773 3346 899 3412 inchoat
917 3371 981 3428 ens,
997 3348 1051 3413 sed
1071 3357 1117 3413 est
1137 3350 1215 3414 ratio
1237 3372 1292 3414 eur

188 3458 255 3522 eius
269 3457 415 3542 perfectio
428 3457 579 3522 limitetur
592 3457 675 3522 intra
690 3458 792 3523 datam
808 3459 938 3543 speciem
949 3486 959 3538 ;
982 3461 1040 3525 hoc
1054 3470 1157 3526 autem
1170 3471 1291 3526 nonest

187 3569 331 3633 inchoare
345 3590 420 3646 ens;
450 3590 522 3631 nem
537 3566 679 3635 inchoare
694 3568 768 3633 dicit
783 3569 900 3654 aliquid
918 3571 1049 3654 positivi,
1063 3559 1166 3655 'quum
1184 3580 1290 3636 contra

188 3679 372 3762 restringere
387 3678 427 3742 sit
442 3677 599 3742 excludere
615 3678 731 3764 aliquid
746 3679 878 3764 positivi.
912 3680 973 3744 Sed
987 3681 1058 3745 licet
1073 3683 1213 3767 oppositu
1226 3706 1290 3747 uon

187 3789 334 3854 inchoent
354 3811 386 3854 se
402 3797 522 3868 mutuo,
537 3799 666 3874 possunt
689 3800 791 3854 tamen
815 3791 877 3854 duo
899 3793 1039 3876 opposita
1058 3794 1231 3878 conspirare
1250 3796 1291 3859 ad

187 3898 435 3986 principiaudum
457 3899 539 3964 idem
563 3920 627 3981 ens,
653 3911 688 3964 ut
712 3910 850 3966 constat:
873 3925 946 3966 num
971 3925 1063 3968 omne
1084 3927 1141 3969 ens
1167 3906 1290 3972 finitum

188 4011 326 4077 continet
341 4019 372 4074 et
386 4010 534 4076 rationem
550 4011 640 4090 entis,
657 4033 725 4096 quae
739 4020 786 4076 θεῖ
799 4011 939 4096 positiva,
955 4022 986 4077 et
1001 4014 1151 4078 rationem
1171 4015 1292 4098 limitis,

186 4145 249 4207 qua
271 4123 408 4207 privatur
430 4120 574 4186 ulteriore
600 4122 737 4186 entitate.
782 4123 822 4186 Iu
848 4123 1020 4187 substantia
1043 4147 1117 4210 ergo
1141 4128 1290 4192 materiali

186 4237 269 4301 idem
295 4232 468 4317 contingit:
491 4233 556 4296 eius
579 4255 689 4317 nempe
716 4242 802 4298 aetus
827 4257 880 4298 seu
906 4235 1003 4300 forma
1029 4236 1122 4301 habet
1139 4239 1287 4302 rationem

187 4344 331 4432 principii
356 4343 480 4428 positivi
506 4343 658 4408 afferentis
684 4345 864 4409 entitatem:
898 4347 963 4410 eius
987 4370 1057 4411 vero
1080 4351 1289 4433 potentialitas

1095 4481 1112 4520 c
