3200 4984
279 370 342 435 1⁷2
602 390 646 435 un
661 390 864 437 suascsurrs
878 386 1060 435 corrosas.
1183 354 1187 362 ’
1239 366 1322 453 [cnr.
1339 383 1381 429 ιι,-

323 553 465 620 Secundo
495 554 536 619 sit
550 556 582 620 A
609 555 738 622 debilius
764 579 857 643 quam
880 559 913 621 R
937 557 1002 641 (fig.
1027 556 1072 640 5).
1120 555 1258 619 '1⁸1ch
1282 554 1380 639 magis

277 664 396 730 recedet
412 665 450 730 ab
465 667 497 730 R
511 688 604 752 quam
618 668 650 731 R
663 668 760 752 possit
775 668 844 753 cogi
858 667 897 733 ad
912 666 1102 752 sequendum
1117 666 1148 729 A
1160 691 1168 741 ;
1191 673 1222 730 et
1233 666 1277 730 sic
1287 686 1378 749 auge·

277 778 360 842 bitur
373 778 529 843 evidenter
543 780 687 845 continue
702 778 859 860 distantia,
879 787 910 844 et
930 778 1031 844 omnis
1045 800 1212 844 concursus
1233 778 1379 843 reddetur

278 890 485 976 impossibilis.

323 1003 425 1068 Tertio
447 1002 488 1068 sit
511 1005 543 1066 A
569 1002 680 1068 fortius
701 1026 793 1089 quam
817 1005 849 1068 R
872 1004 936 1088 (fig.
951 1006 997 1088 6).
1041 1003 1128 1069 Tunc
1151 1012 1256 1069 motus
1272 1000 1382 1089 puncti

279 1116 310 1179 R
328 1137 433 1180 versus
458 1115 490 1178 A
511 1114 569 1180 erit
592 1114 741 1180 intensior
765 1137 858 1200 quam
883 1115 959 1200 fuga
981 1115 1089 1199 puncti
1103 1115 1135 1178 A
1158 1137 1177 1179 a
1202 1122 1317 1200 puncto
1330 1116 1383 1192 R;

278 1234 310 1291 et
339 1227 382 1291 sic
414 1227 704 1313 appropinquabunt
733 1228 864 1293 invicem
900 1228 933 1291 in
970 1248 1027 1291 suo
1057 1248 1160 1305 cursu,
1194 1234 1226 1291 et
1255 1226 1381 1291 tandem

278 1338 432 1423 perveniet
445 1340 479 1403 R
492 1339 531 1403 ad
545 1337 721 1404 contactum
735 1362 806 1404 cum
821 1340 972 1405 elemento
987 1339 1018 1402 A
1033 1339 1066 1404 in
1080 1338 1147 1403 loco
1162 1336 1265 1424 aliquo
1282 1339 1310 1402 0
1317 1365 1325 1403 :
1347 1338 1382 1403 iu

278 1470 341 1534 quo
357 1456 500 1514 contactu
518 1450 551 1513 R
569 1449 694 1515 habebit
717 1449 909 1515 velocitatem
932 1448 1112 1535 acquisitam
1139 1448 1181 1533 ad
1202 1456 1380 1533 praetergre-

279 1560 426 1626 diendum
447 1561 602 1642 maiorem,
624 1584 717 1648 quam
732 1565 764 1626 A
786 1562 825 1626 ad
846 1561 1042 1647 fugiendum.
1084 1560 1169 1645 Ergo
1183 1561 1214 1624 R
1229 1568 1382 1645 pertrans·

279 1669 336 1735 ibit
357 1670 439 1737 ultra
461 1674 492 1737 A
514 1673 553 1738 ud
574 1674 728 1740 sinistram
751 1674 860 1759 ipsius.
912 1674 1001 1737 Tunc
1023 1681 1126 1737 autem
1151 1673 1198 1737 vis
1223 1673 1382 1736 attractiva

279 1782 376 1847 maior
389 1806 456 1869 quae
471 1784 566 1849 estin
585 1786 628 1866 A,
649 1786 820 1871 quaeprius
842 1792 905 1849 erat
926 1784 1130 1864 acceleratrix,
1148 1784 1186 1848 fit
1203 1783 1382 1848 retardatrix

279 1916 336 1980 pro
349 1896 390 1959 R.
435 1896 582 1962 Similiter
595 1898 641 1962 vis
658 1897 811 1983 repulsiva
831 1897 934 1961 minor
951 1919 1020 1982 quae
1038 1905 1085 1960 est
1106 1897 1139 1960 in
1155 1897 1186 1959 R
1199 1896 1235 1960 fit
1249 1896 1382 1960 retarda-

279 2006 340 2071 trix
353 2028 409 2091 pro
423 2007 465 2071 Α.
509 2007 593 2093 Ergo
610 2016 775 2094 utrumque
789 2009 907 2095 patitur
920 2006 1156 2072 retardationem
1171 2007 1205 2072 in
1220 2029 1276 2072 suo
1295 2016 1383 2072 motu

283 2090 323 2182 id
338 2117 493 2183 sinistram
507 2118 617 2204 puncti
635 2123 668 2185 0.
713 2120 834 2207 Itaque,
849 2142 945 2206 quum
957 2118 1176 2184 retardationes
1190 2120 1259 2184 istae
1269 2127 1383 2183 mutuae

279 2230 356 2295 fiant
371 2252 441 2296 cum
455 2231 561 2295 eadem
580 2231 658 2316 lege,
677 2241 708 2297 et
728 2233 761 2297 in
784 2232 892 2297 iisdem
916 2232 1070 2296 distantiis
1089 2232 1217 2310 mutuis,
1240 2253 1275 2296 ac
1295 2230 1383 2295 factae

281 2341 404 2406 fuerant
417 2342 658 2423 accelerationes,
675 2346 819 2428 spatium,
831 2343 915 2429 quod
929 2350 1085 2427 percurret
1101 2344 1132 2405 R
1146 2363 1184 2406 ex
1198 2344 1225 2406 C
1233 2365 1336 2407 versus
1344 2338 1384 2406 R'

281 2455 339 2517 erit
353 2452 468 2539 aequale
484 2453 582 2539 spatio
596 2454 681 2539 prius
696 2477 841 2539 percurso
855 2456 923 2534 ΒΟ,
935 2462 966 2518 et
981 2454 1115 2539 spatium
1131 2453 1215 2539 quod
1228 2462 1383 2539 percurret

281 2566 313 2627 A
329 2586 365 2628 ex
383 2566 526 2628 Oversus
541 2562 581 2628 A'
596 2564 653 2628 erit
668 2564 784 2649 aequale
799 2565 898 2651 spatio
907 2564 993 2650 prius
1004 2586 1148 2650 percurso
1158 2565 1227 2628 AO.
1265 2564 1383 2629 Iterum

280 2684 385 2740 autem
396 2697 432 2739 ex
446 2672 485 2738 R'
498 2684 533 2739 et
545 2673 584 2739 A'
599 2675 726 2761 incipiet
740 2685 843 2740 motus
858 2676 976 2739 inverse
996 2674 1127 2739 tendens
1147 2672 1187 2738 ad
1201 2676 1232 2737 R
1245 2682 1277 2739 et
1291 2676 1333 2754 A,
1347 2685 1384 2739 ut

282 2788 395 2851 iterum
415 2796 447 2851 et
469 2787 582 2852 iterum
602 2787 716 2852 eaedem
734 2786 939 2852 oscillationes
958 2808 1027 2851 cum
1053 2786 1159 2849 cadem
1183 2784 1385 2870 amplitudine

284 2919 405 2982 semper
419 2898 573 2961 constanti
588 2906 776 2983 repetanture
819 2897 904 2981 Ergo
923 2896 956 2960 in
975 2896 1035 2960 hoc
1052 2917 1124 2960 casu
1144 2904 1311 2980 utrumque
1324 2896 1384 2960 ele-

283 3018 423 3073 mentum
449 3009 567 3073 osciliat
592 3010 674 3075 ultra
696 3020 730 3075 et
753 3009 840 3089 citra,
867 3009 921 3073 sed
945 3008 1133 3073 elementum
1158 3006 1309 3071 intensius
1330 3030 1386 3092 per

282 3123 433 3187 minorem
458 3122 704 3206 amplitudinem,
734 3144 826 3206 quam
856 3120 997 3185 debilius.
1056 3120 1099 3183 Et
1129 3120 1171 3185 sic
1200 3120 1385 3186 elementum

283 3234 503 3325 multomagis
523 3233 680 3298 intensum
705 3234 754 3297 vix
773 3233 1083 3298 videreturoscillare
1105 3233 1139 3296 in
1162 3232 1387 3318 comparatione

283 3369 355 3412 cum
369 3346 468 3410 multo
482 3343 638 3411 debiliore.

329 3462 380 3525 74.
405 3458 584 3522 Senonum
601 3456 665 3521 ΙΙΙ.
687 3456 778 3521 Datis
792 3478 856 3521 uno
871 3455 1022 3521 elemento
1038 3455 1198 3522 attractivo
1212 3458 1244 3519 A
1263 3454 1387 3520 fortiore

284 3579 315 3636 et
338 3546 405 3635 uno
427 3568 580 3655 repulsivo
596 3570 626 3632 B
641 3567 785 3632 debiliore
804 3568 869 3653 (fig.
886 3571 930 3652 7),
947 3569 973 3633 si
991 3570 1070 3633 Csit
1095 3578 1247 3654 punctum
1269 3569 1304 3632 in
1324 3589 1386 3652 quo

284 3682 342 3749 sibi
367 3690 541 3761 occurrunt,
570 3680 678 3767 positis
705 3680 839 3759 ΑΟςα,
866 3681 997 3760 BG=b,
1020 3680 1103 3745 unde
1133 3682 1329 3760 AB=b-a,
1356 3694 1388 3743 et

285 3795 373 3861 sactis
388 3795 529 3873 AD=a,
543 3794 669 3877 BE=y
685 3791 792 3878 spatiis
812 3791 978 3877 respective
995 3792 1147 3878 percursis
1167 3800 1303 3877 tempore
1317 3800 1340 3870 t,
1354 3799 1386 3855 at

284 3906 573 3993 repraesentantibus
591 3928 609 3969 o
629 3913 660 3969 et
684 3928 711 3969 w
731 3903 927 3970 intensitatcs
943 3904 1098 3969 actionum
1116 3906 1148 3967 A
1168 3912 1200 3967 et
1219 3905 1249 3967 B
1263 3902 1302 3968 ad
1315 3904 1386 3967 uni·

284 4026 380 4085 tatem
395 4018 557 4098 distantiae,
572 4015 755 4081 habebimus
