3200 4984
214 417 284 461 oar.
301 398 340 481 1.]
577 421 756 465 1111111111
773 421 961 465 communis.
1245 405 1310 467 261*

257 584 356 648 Locus
371 592 418 648 est
433 585 532 663 realis,
544 586 591 650 vel
606 586 814 670 imaginarius,
830 596 921 671 prout
938 587 1070 667 termini,
1085 586 1197 671 quibus
1212 588 1309 651 deter-

212 697 357 777 minatur,
369 707 441 761 sunt
456 698 489 761 in
504 721 546 778 re,
558 699 606 762 val
620 698 654 762 in
668 698 887 783 imaginatione
901 709 1030 763 tantum.
1077 699 1192 763 Nullus
1207 708 1309 763 autem

212 817 259 871 est
273 808 357 873 locus
373 810 485 889 idealis,
501 810 623 893 praeeisc
637 809 801 895 loquendo,
816 819 851 874 ut
867 819 968 895 patet:
991 812 1062 896 quia
1075 811 1171 875 ideale
1185 834 1248 875 non
1263 821 1309 875 est

212 917 364 983 obiectum
381 920 616 1005 imaginationis,
632 921 715 1005 quod
729 931 832 985 tamen
846 936 892 986 est
908 922 946 985 de
960 920 1076 986 ratione
1090 921 1157 989 loci.

255 1033 308 1094 21.
333 1031 510 1096 Aristotcles
522 1032 658 1096 definivit
669 1033 769 1096 locum
781 1056 846 1097 csse
861 1035 1051 1119 superficiem
1065 1057 1226 1098 concavam
1241 1056 1307 1098 eor-

211 1142 293 1225 poris
322 1143 502 1208 ambientis:
531 1166 622 1229 quam
654 1144 861 1209 definitionem
890 1146 1082 1209 retinuerunt
1110 1145 1309 1229 peripatetici.

213 1254 288 1319 Haec
309 1254 445 1319 definitio
465 1256 546 1321 bona
564 1265 652 1335 esset,
668 1256 695 1319 si
714 1256 863 1334 homines,
879 1256 1003 1341 quando
1017 1258 1178 1320 nominant
1195 1257 1308 1335 locum,
1417 1304 1426 1321 .

211 1366 419 1449 intelligerent
448 1368 576 1431 limitem
607 1377 764 1432 externum
794 1369 926 1451 eorporis
955 1367 1045 1432 locati
1056 1396 1065 1447 3
1095 1392 1168 1431 nam
1197 1391 1307 1452 corpus

211 1476 345 1541 locatum
374 1478 527 1543 limitatur·
552 1478 591 1543 ad
620 1479 808 1562 superficiem
845 1478 979 1563 eorporis
1015 1478 1186 1542 ambientis.
1246 1478 1307 1547 Sed

210 1692 296 1745 dinem
314 1694 427 1763 emporis
444 1694 561 1762 contenti,
574 1693 688 1765 seqnt‘tnr
705 1694 774 1765 qnod
790 1699 853 1746 earet
870 1693 975 1763 ab’quod
991 1693 1106 1746 accadens
1122 1693 1177 1746 sinc
1188 1692 1306 1759 1111111111,

210 1781 280 1849 quod
289 1786 326 1833 est
337 1780 488 1851 impossibile
500 1820 588 1835 .....
626 1780 657 1833 a·
672 1782 740 1833 locas
757 1786 820 1833 esset
836 1780 949 1849 apatirrm
966 1780 1037 1833 intra
1055 1781 1176 1834 mennas
1193 1780 1308 1850 conponas

211 1866 368 1935 continentes,
381 1868 495 1937 seqnitur
507 1869 575 1938 qaod
585 1868 689 1939 infinita
701 1868 755 1919 loca
767 1867 846 1920 amul
856 1873 937 1919 meent
948 1907 954 1919 .
969 1906 975 1919 .
990 1906 996 1920 .
1010 1868 1072 1937 quia
1083 1868 1221 1921 secundum
1232 1866 1307 1937 posi·

210 1954 304 2007 tionem
317 1973 414 2021 eornm,
425 1956 470 2025 qen'
480 1961 564 2009 teneat
574 1955 725 2008 sententiam
737 1956 767 2007 de
782 1955 866 2024 spattb
883 1956 952 2025 quod
965 1955 999 2007 sit
1009 1956 1084 2023 111111,
1098 1974 1177 2025 quum
1188 1973 1257 2025 aqua
1271 1960 1308 2007 est

209 2041 237 2117 in
248 2060 314 2109 ease,
322 2047 421 2111 prester
433 2042 599 2095 dimensiones
611 2060 691 2112 aquae,
699 2046 759 2094 sunt
770 2041 808 2094 sbi
819 2040 877 2093 ala'ce
886 2041 1052 2095 senesiam
1059 2042 1139 2111 spatii
1143 2047 1308 2111 penetrantes

210 2128 378 2181 dimensiones
395 2147 468 2199 aque
481 2154 489 2182 .-
508 2134 606 2181 eonatnt
618 2134 703 2180 autem
716 2129 784 2197 qnod
794 2128 880 2179 eodem
892 2128 1041 2196 medopam
1052 2127 1195 2181 1111111111*
1206 2126 1233 2179 in
1246 2132 1305 2194 toto,

209 2214 275 2267 sient
286 2233 355 2285 aqua
366 2216 394 2268 in
405 2234 471 2283 vase,
484 2215 537 2268 nebi
547 2216 615 2285 qnod
625 2216 735 2267 1111111111
747 2220 783 2267 est
795 2214 933 2268 dimeuma
949 2214 1010 2282 loco,
1018 2232 1085 2283 pure
1101 2220 1187 2267 auten
1202 2232 1254 2266 non
1269 2221 1307 2267 est

209 2302 291 2355 divisa
303 2320 320 2353 a
332 2308 390 2355 toto.
411 2302 444 2355 Si
453 2320 513 2371 erqo
525 2302 655 2355 divellatur
661 2319 729 2371 pars
741 2319 758 2353 a
770 2307 829 2369 toto,
838 2306 937 2370 prester
948 2300 1115 2353 dimersionem
1121 2300 1216 2371 partis,
1226 2307 1307 2353 esscrd

208 2390 247 2443 sta·
262 2390 321 2443 aaa
338 2390 505 2443 dimensiones
522 2390 599 2443 totius
612 2394 777 2459 pmdrantm
794 2388 960 2441 1111111ιεί11111
965 2387 1094 2457 partiens
1131 2387 1306 2459 mamystam

209 2482 246 2529 est
257 2482 350 2545 11111111,
364 2478 433 2547 qaod
443 2476 532 2530 divisio
545 2494 597 2528 non
603 2474 676 2547 facit
688 2476 719 2527 de
730 2492 794 2528 novo
811 2474 849 2527 sti
868 2492 919 2527 esse
935 2473 1109 2541 dimensabnes,
1121 2476 1166 2528 sed
1177 2474 1305 2543 prm-

208 2563 397 2617 1111111111.
411 2602 417 2615 .
431 2602 437 2615 .
456 2563 523 2623 Quor
535 2580 595 2632 erpo
607 2567 698 2631 partes
716 2560 830 2614 convenit
848 2560 961 2630 coepere
977 2560 1006 2613 in
1023 2560 1109 2630 aliquo
1120 2566 1180 2629 toto,
1193 2578 1305 2630 quarum

208 2668 262 2703 ana
280 2650 389 2703 continet
406 2650 496 2717 diam,
515 2655 551 2702 tot
569 2654 644 2701 erunt
662 2647 830 2700 dimensiones
846 2665 873 2699 se
889 2646 997 2700 invicem
1008 2652 1192 2715 peretrantes:
1216 2648 1261 2699 sed
1277 2646 1307 2698 a'n

209 2736 294 2805 alique
306 2741 358 2788 toto
370 2736 488 2789 omninno
500 2740 536 2788 est
548 2735 660 2803 coepere
667 2733 784 2803 definitas
790 2738 889 2801 pastea
899 2750 1010 2802 quarum
1018 2751 1072 2785 nna
1080 2732 1208 2785 wntineot
1216 2732 1305 2799 uliam,

208 2840 237 2874 eo
249 2824 318 2892 quod
327 2822 454 2891 pnodltbet
464 2828 545 2875 totum
557 2821 706 2874 continuum
717 2826 754 2873 est
766 2819 888 2873 divisibile
899 2818 928 2871 in
940 2818 1090 2889 infinitum.-
1109 2837 1169 2888 erpo
1180 2818 1209 2871 in
1220 2818 1307 2888 aliquo

208 2914 260 2961 toto
278 2909 396 2961 1111111111
419 2913 494 2961 eunt
510 2907 620 2979 anfint'toe
636 2906 805 2959 damasianae
821 2924 848 2959 ec
870 2906 978 2959 casnm
990 2911 1161 2975 penetrum.
1199 2905 1231 2958 a·
1246 2924 1307 2975 erqo

208 2994 375 3048 dimensiones
391 3000 451 3048 sunt
469 2995 543 3062 111111,
557 2993 671 3064 seqnitur
689 2994 758 3063 qnod
773 2992 878 3063 septena
895 2992 950 3043 loca
961 2998 1021 3045 aunt
1031 2992 1115 3060 simul,
1128 2993 1197 3062 qnod
1207 2998 1244 3045 cst
1254 2992 1307 3045 im·

202 3082 328 3151 Ι1111111111.
364 3081 404 3133 At
421 3080 499 3134 facile
516 3079 670 3153 responderi
687 3084 776 3151 potest
793 3098 828 3133 ex
845 3078 1013 3151 supradictis.
1049 3078 1122 3132 Nam
1146 3080 1222 3133 locus
1243 3096 1306 3151 pro·

208 3167 265 3239 prie
276 3186 331 3221 non
343 3173 385 3221 est
396 3166 526 3235 accidens,
539 3167 586 3220 sed
597 3166 719 3238 potentia
730 3165 885 3235 accidentis,
896 3165 926 3218 id
938 3169 979 3219 ast
996 3164 1159 3237 possibilitas
1170 3171 1260 3219 motus
1279 3171 1308 3219 et

209 3253 390 3325 occupationis
401 3254 472 3307 inter
483 3253 560 3307 datos
571 3253 701 3307 terminos
708 3272 716 3321 3
734 3252 815 3307 etsie
829 3271 884 3306 non
902 3257 944 3306 est
960 3270 1067 3306 necesse
1084 3258 1117 3306 ut
1131 3252 1230 3307 habeat
1243 3258 1307 3307 actu

207 3338 366 3403 subiectum,
379 3340 426 3394 sed
442 3339 473 3392 in
489 3338 610 3410 potentia
627 3344 741 3392 tantum.
779 3338 860 3403 Quod
877 3338 988 3392 silocus
999 3338 1182 3393 consideretur
1193 3340 1305 3394 1111111.-

207 3427 313 3479 tionum
324 3426 482 3497 complexio,
490 3426 529 3479 sic
540 3424 650 3479 habebit
662 3424 841 3479 subiectorum
852 3424 1055 3477 multitudinem
1063 3429 1092 3477 et
1102 3424 1306 3479 multitudinem

206 3514 384 3567 terminorum
403 3531 451 3584 per
472 3513 542 3566 reale
566 3512 773 3565 fundamentum
791 3511 964 3565 adinvicem
984 3510 1144 3578 relatorum
1170 3512 1306 3566 evanescit

205 3599 290 3671 igitru
301 3600 388 3671 primo
399 3600 521 3653 obiectio.
559 3598 682 3654 Secunda
693 3616 757 3653 vero
772 3592 877 3651 nullam
896 3596 1017 3659 continet
1035 3596 1228 3666 difficultatem,
1241 3599 1306 3669 quia

205 3688 280 3742 nullo
298 3688 378 3741 modo
395 3680 560 3759 impossibile
578 3690 619 3740 est
631 3686 743 3741 ¹infinita
760 3686 821 3739 loca
837 3684 919 3738 simul
937 3702 993 3737 1111
1010 3684 1177 3737 virtualiter:
1203 3684 1233 3737 in
1250 3703 1305 3739 uno

205 3774 279 3829 enim
290 3775 349 3827 loco
362 3780 404 3827 tot
414 3774 474 3827 loca
486 3773 599 3845 cogitari
610 3778 730 3844 possunt,
743 3778 811 3843 quot
822 3777 886 3825 sunt
897 3771 996 3826 diversi
1008 3770 1082 3824 modi
1093 3770 1231 3825 limitandi
1242 3790 1304 3844 spa-

204 3860 276 3916 tium
296 3878 344 3931 per
354 3858 472 3913 diversas
484 3858 676 3929 assignationes
694 3857 822 3911 limitum.
869 3856 983 3921 Quando
1002 3874 1065 3912 vero
1084 3855 1111 3910 S.
1130 3856 1248 3911 Thomas
1265 3856 1306 3911 ait

198 3953 299 4017 preater
311 3946 478 3999 dimensiones
490 3964 570 4015 aque,
584 3952 643 3998 sanat
660 3946 698 3999 tbi
714 3946 772 3999 ulie
789 3944 965 4011 dimnmbnea,
981 3944 1108 4015 supponit
1124 3944 1304 3999 dimensiones

203 4051 344 4105 corporum
356 4050 413 4087 esse
422 4032 525 4103 aliquid
536 4031 693 4085 distinctum
706 4048 722 4085 a
733 4029 945 4085 dimensionibus
952 4029 1032 4100 spatii
1039 4030 1178 4101 occupati3
1196 4031 1244 4085 sed
1251 4031 1304 4085 hoc

203 4121 286 4173 etiam
297 4119 451 4189 negandum
460 4123 508 4185 est,
522 4136 606 4189 quum
617 4136 733 4189 corpora,
746 4123 779 4171 ut
790 4116 856 4170 alibi
868 4116 973 4170 dictum
985 4121 1033 4184 est,
1043 4134 1097 4170 non
1109 4123 1304 4189 componantur

201 4226 236 4260 ex
248 4206 362 4260 materia
373 4204 508 4271 continua,
521 4222 571 4257 nec
583 4204 763 4257 extendantur
781 4202 937 4255 extensione
948 4201 1076 4269 materiae,
1089 4202 1137 4255 sed
1146 4203 1303 4257 extensione

201 4292 289 4365 spatii.
326 4292 360 4346 V.
374 4296 451 4345 tract.
465 4292 508 4345 De
518 4291 660 4345 substantio
672 4307 794 4359 corporea
806 4306 833 4341 n.
849 4288 884 4341 23
895 4292 924 4341 et
935 4304 1006 4357 seqq.
1019 4286 1087 4340 item
1098 4306 1126 4341 n
1134 4287 1187 4340 106
1194 4293 1223 4341 et
1229 4306 1302 4359 seqq.

166 4426 170 4435 .
201 4386 229 4440 et
240 4380 310 4434 infra
322 4398 347 4433 n.
362 4380 404 4431 23.
