3200 4984
290 346 356 408 202
596 366 638 410 nn
655 366 856 411 sussrsurrs
871 366 1051 411 corrosus.
1234 348 1322 433 [css.
1339 370 1393 414 111.

336 531 409 595 109.
434 531 576 595 Secundo
591 532 762 595 notandum
777 543 834 611 est,
851 534 934 617 quod
948 531 1084 597 extensio
1099 554 1242 617 corporea
1264 543 1310 598 est
1325 558 1393 619 pro·

290 644 402 729 prietes
418 644 507 709 realis
527 653 558 708 et
571 644 738 709 intrinseca
760 645 900 711 omnium
915 654 946 709 et
968 645 1161 729 singularum
1175 643 1392 709 molecularum

289 757 496 835 existentium,
517 755 685 821 secundum
709 756 792 842 quod
816 766 918 841 partes
944 755 1162 822 molecularum
1188 757 1392 821 constitutivae

289 867 361 932 reali
381 878 411 933 et
429 868 594 932 intrinseco
612 877 700 932 motu
722 862 754 932 se'
774 868 944 932 extendunt
963 891 1018 953 per
1038 869 1170 953 spatium
1193 869 1252 934 sibi
1266 892 1392 955 propor-

288 982 451 1045 tionatum.
498 981 559 1045 Sed
586 990 688 1045 motus
711 981 763 1044 ille
788 981 825 1044 fit
849 981 1016 1045 secuudum
1044 980 1157 1045 lineam
1180 990 1303 1045 tantum
1331 982 1391 1046 sive

288 1102 412 1173 rectam,
436 1092 498 1157 sive
513 1114 637 1157 curvam
658 1093 709 1175 (ob
731 1092 977 1177 perturbationes
997 1094 1035 1157 ab
1050 1103 1135 1157 extra
1149 1094 1391 1178 provenientes):

287 1203 396 1289 nequit
410 1204 491 1267 enim
514 1212 665 1288 punctum
681 1212 769 1267 motu
791 1226 848 1267 suo
865 1225 1011 1287 generare
1026 1205 1216 1288 superficiem
1236 1205 1283 1269 vel
1304 1206 1390 1269 volu-

287 1338 369 1380 men.
414 1316 497 1400 Ergo
521 1316 667 1394 extensi0,
693 1324 785 1400 pmut
811 1324 858 1379 est
876 1316 1043 1401 proprietas
1066 1317 1154 1381 realis
1172 1327 1203 1381 et
1227 1317 1390 1381 materialis

287 1448 458 1512 corporum,
485 1437 530 1491 est
556 1426 678 1491 linearis
702 1436 836 1491 tantum.
882 1426 985 1503 Quare
1009 1428 1181 1513 superficies
1207 1429 1391 1512 geometrica

286 1560 439 1624 corporea,
461 1547 492 1602 et
512 1538 656 1602 volumen
674 1539 894 1623 geometricum
917 1561 1097 1623 corporeum
1115 1562 1178 1603 non
1196 1540 1332 1604 existunt
1357 1541 1390 1603 iu

286 1660 396 1715 natura
424 1673 527 1715 rerum
556 1672 709 1735 corporea,
735 1650 789 1714 sed
819 1659 892 1713 sunt
921 1650 1036 1735 aliquid
1065 1650 1329 1735 phaenomenicum
1357 1652 1389 1716 in

285 1762 391 1827 ordine
404 1762 550 1841 sensibili,
566 1770 596 1826 et
612 1762 728 1847 aliquid
743 1762 910 1847 potentiale
924 1763 957 1825 in
972 1763 1079 1829 ordine
1093 1763 1193 1843 ideali,
1206 1772 1241 1827 ut
1256 1786 1326 1828 mox
1341 1787 1389 1827 ex·

286 1874 479 1959 plicabimus.

330 1990 403 2051 110.
426 1986 529 2050 Tertio
544 1985 715 2050 notandum
730 1994 786 2065 est,
804 1985 887 2071 quod
910 1995 1025 2070 puncta
1038 1994 1172 2050 extrema
1187 1987 1390 2051 vibrationum

285 2098 514 2163 molecularium
529 2122 583 2184 per
597 2098 776 2164 relationem
791 2122 885 2184 quern
900 2100 982 2163 inter
997 2122 1029 2163 sc
1043 2098 1159 2163 habent
1174 2098 1207 2162 in
1223 2101 1323 2183 spatio
1338 2101 1389 2164 de·

283 2211 449 2275 terminant
473 2212 677 2296 quantitatem
702 2212 760 2275 loci
783 2212 874 2275 realis
897 2211 1043 2296 corporei,
1069 2233 1139 2295 quae
1161 2221 1208 2274 est
1229 2211 1325 2275 maior
1343 2212 1390 2277 vel

285 2324 394 2403 minor,
409 2332 502 2407 prout
523 2323 604 2387 inter
626 2323 714 2386 datos
736 2323 883 2385 terminos
904 2321 970 2386 fieri
988 2331 1091 2406 potest
1113 2322 1145 2385 in
1164 2322 1237 2386 dato
1252 2332 1389 2407 tempore

284 2446 387 2500 motus
409 2436 507 2519 magis
530 2435 575 2499 vel
600 2436 702 2499 minus
722 2435 873 2498 intensus.
921 2433 953 2496 Si
971 2455 1044 2517 ergo
1068 2436 1243 2518 cogitentur
1266 2445 1388 2499 tantum

283 2548 336 2612 illa
350 2557 482 2612 extrema
497 2557 613 2633 puncta
626 2547 695 2626 loci,
711 2556 742 2610 et
765 2546 983 2630 praescindatur
1002 2569 1020 2609 a
1038 2546 1278 2610 consideratione
1299 2570 1387 2611 occu-

284 2661 414 2745 pationis
429 2661 518 2724 realis
533 2671 564 2724 et
580 2659 755 2724 successivae
771 2659 862 2743 spatii
870 2658 1053 2732 intermedii,
1063 2658 1231 2722 remanebit
1241 2659 1273 2721 in
1285 2670 1388 2723 mente
1404 2738 1408 2745 .

283 2772 350 2836 idea
366 2772 496 2836 duorum
512 2772 713 2835 terminorum
730 2792 794 2833 sese
818 2779 927 2833 mutuo
941 2750 1170 2853 respicientium
1191 2792 1245 2853 per
1259 2770 1386 2854 possibi-

283 2885 401 2947 litatem
421 2892 523 2947 motus
546 2883 644 2968 magis
666 2882 712 2946 vel
733 2882 837 2945 minus
854 2881 977 2959 intensi,
1001 2880 1056 2965 qui
1076 2880 1148 2943 dato
1172 2892 1307 2965 tempore
1322 2883 1386 2946 fieri

284 3004 384 3079 potest
398 2995 479 3060 inter
493 3005 667 3079 utrumque.
715 2994 836 3057 Relatio
854 2995 918 3057 haec
937 2994 1098 3057 constituit
1122 2993 1309 3072 distantiam,
1325 2995 1386 3057 sive

283 3108 490 3171 extensionem
505 3106 702 3190 potentialem
718 3116 772 3169 aut
794 3104 934 3169 idealem.
980 3104 1014 3167 Si
1032 3126 1102 3167 vero
1120 3103 1252 3168 existant
1268 3105 1387 3168 realiter

283 3219 345 3282 duo
359 3218 508 3281 elementa
523 3218 555 3280 in
572 3217 691 3282 duobus
706 3216 829 3301 punctis
844 3214 944 3300 spatii,
961 3215 1014 3278 sed
1029 3238 1092 3278 non
1108 3224 1302 3299 percurratur
1317 3237 1384 3299 spa·

283 3332 363 3395 tium
376 3330 603 3409 intermedium,
618 3329 724 3393 relatio
739 3328 805 3392 haec
819 3329 899 3391 inter
910 3326 972 3389 duo
982 3326 1132 3390 elementa
1142 3328 1310 3392 constituet
1319 3330 1386 3412 qui-

285 3443 354 3506 dem
369 3442 577 3506 extensionem
592 3441 713 3518 realem,
725 3440 849 3504 sednon
860 3461 1033 3523 corpoream
1048 3464 1054 3502 :
1079 3438 1200 3518 realem,
1212 3439 1284 3524 quia
1295 3440 1386 3503 habet

283 3555 430 3619 terminos
453 3554 547 3618 reales
571 3577 603 3617 se
629 3553 749 3617 realiter
776 3550 970 3636 respicientes
995 3574 1049 3635 per
1069 3552 1212 3635 spatium,
1234 3551 1316 3635 qnod
1339 3562 1385 3614 est

284 3668 433 3753 capacitas
454 3676 557 3730 motus
578 3665 671 3729 unius
694 3664 734 3728 ad
757 3663 859 3727 aliud:
886 3685 949 3726 non
976 3673 1079 3725 tamen
1104 3685 1289 3747 corpoream,
1315 3664 1388 3748 quia

284 3780 487 3864 supponimus
503 3786 647 3842 neutrum
663 3776 849 3840 elementum
865 3774 1025 3838 extendere
1041 3797 1142 3858 seper
1157 3786 1274 3838 motum
1291 3775 1330 3839 ad
1345 3776 1387 3839 al-

283 3900 455 3955 terutrumr
479 3890 536 3954 erit
550 3899 654 3953 tamen
669 3888 805 3952 extensio
818 3909 962 3969 corporea
976 3886 1008 3950 in
1023 3888 1171 3971 potentia.

329 4006 402 4068 111.
427 4003 545 4079 Quarto
560 4000 730 4065 notandum
745 4008 800 4078 est,
817 3999 901 4083 quod
915 4001 1044 4062 extenuo
1059 4020 1209 4082 corporea,
1224 4021 1275 4061 scu
1296 4007 1388 4061 nsote-

282 4117 377 4193 riob's,
394 4137 491 4199 quum
506 4134 568 4178 non
585 4113 625 4202 ¹sit
642 4110 810 4175 secundnm
826 4109 979 4186 volumen,
1001 4130 1057 4172 nec
1076 4108 1243 4171 secundnm
1261 4109 1387 4192 superfi-

286 4228 373 4303 ciem,
390 4225 442 4289 sed
459 4224 628 4288 secundum
643 4224 754 4285 lineam
773 4222 816 4302 (u.
837 4222 911 4303 109)
927 4244 984 4284 nou
1006 4230 1050 4284 eat
1064 4220 1117 4282 illu
1132 4242 1219 4303 quam
1227 4222 1346 4303 physici
1360 4228 1388 4282 et

278 4346 431 4419 prometur
453 4340 602 4399 intuentur
624 4337 655 4397 iu
678 4335 856 4417 corporibus,
880 4333 934 4396 sed
959 4356 1051 4417 quam
1076 4332 1230 4416 dynamici
1253 4343 1388 4395 contem-
