3200 4984
290 368 353 431 142
593 388 635 431 nr
651 388 856 433 socorsum
872 387 1055 433 coarcere.
1249 370 1335 455 [cnr.
1352 390 1392 433 11.

288 572 324 615 ex
338 549 400 615 illis
414 550 551 636 spheris.
581 551 679 637 Atqui
693 574 729 615 ex
744 550 901 616 corollario
915 561 1024 637 quarto
1038 551 1103 617 haec
1118 559 1165 615 est
1179 552 1393 618 mathematice

288 661 409 727 infinito
416 688 425 741 ς
448 684 523 748 ergo
536 662 589 727 illa
603 663 661 728 erit
675 661 823 728 infinities
837 663 959 728 infinita
967 688 978 742 ;
1001 672 1032 728 et
1047 662 1090 728 sic
1104 662 1224 728 etiamsi
1242 664 1392 750 multipli-

287 781 374 839 cetur
399 795 453 858 per
475 776 508 839 dt
533 774 777 855 inlinitesimum‚
802 774 938 840 manebit
963 773 1064 839 adhuc
1089 774 1227 841 infinita:
1259 783 1290 839 et
1313 776 1391 841 redit

289 884 461 950 difficultas.

333 996 525 1081 Respondeo,
541 1018 603 1063 non
618 1018 709 1083 posse
721 997 817 1082 quari
832 997 982 1063 actionem
997 998 1077 1063 hanc
1091 998 1218 1063 totalem
1237 998 1272 1064 in
1286 998 1392 1064 ordine

288 1108 328 1173 ad
342 1108 606 1174 determinandam
619 1112 772 1175 entitatem
785 1111 840 1189 ais,
857 1110 911 1175 aed
924 1118 1047 1175 tanturn
1062 1110 1096 1174 in
1110 1110 1216 1176 ordine
1234 1110 1274 1175 ad
1293 1110 1392 1176 deterss

288 1219 465 1284 minandam
480 1223 658 1285 totalitatem
679 1221 933 1305 amicabilitatis,
950 1243 1003 1285 seu
1023 1221 1207 1286 totalitatem
1228 1222 1391 1286 effectuum

288 1331 480 1417 possibilium
494 1354 530 1396 ex
544 1331 696 1396 infinitate
709 1332 923 1412 terminorum,
940 1332 1053 1419 quibus
1067 1333 1165 1397 virtus
1180 1334 1277 1398 activa
1290 1342 1391 1419 potest

288 1441 443 1528 applicari.
488 1442 574 1508 Licet
592 1443 675 1507 enim
690 1442 769 1508 actio
783 1443 952 1507 formaliter
966 1443 1157 1508 considerata
1171 1443 1393 1529 multiplicetur

288 1554 368 1619 sicut
382 1554 441 1640 ipsi
455 1555 581 1619 effectus
595 1554 738 1640 producti
755 1554 877 1639 (accipit
892 1554 975 1619 enim
991 1554 1029 1619 ab
1044 1555 1082 1619 iis
1105 1578 1192 1620 suam
1215 1554 1392 1622 denomina-

287 1666 403 1731 tionem
425 1669 551 1731 actionis
573 1666 717 1751 motivae),
732 1674 838 1731 tamen
861 1666 1065 1747 materialiter,
1082 1676 1114 1731 et
1136 1667 1169 1732 in
1183 1667 1290 1733 ordine
1304 1667 1391 1733 abso·

287 1778 363 1855 luto,
379 1798 458 1841 nova
479 1776 558 1841 aetio
574 1799 639 1842 non
658 1785 705 1842 est
727 1798 807 1842 nova
826 1777 966 1863 quaedam
981 1778 1088 1857 virtus,
1106 1778 1160 1843 sed
1181 1778 1287 1845 eadem
1305 1778 1393 1844 aliter

287 1887 457 1973 applicata:
480 1897 512 1953 et
527 1888 570 1953 sic
584 1888 691 1954 eadem
705 1889 814 1967 virtus,
829 1889 917 1954 cuius
932 1888 1058 1954 effectus
1073 1890 1265 1983 recipitur-in
1288 1913 1392 1975 ruper-

286 2000 353 2064 licie
378 2000 508 2085 quadam
537 1999 683 2086 sphaerica
703 2000 858 2081 viciniore,
875 2000 1014 2065 extendit
1040 2023 1072 2065 se
1097 2001 1190 2066 modo
1214 2023 1279 2083 suo,
1294 2001 1329 2066 id
1346 2011 1393 2067 est

286 2111 503 2197 potentialiter,
519 2110 559 2176 ad
584 2111 658 2177 alias
682 2120 713 2177 et
732 2112 808 2177 alias
825 2112 1001 2197 superficies
1024 2113 1212 2193 remotiores,
1227 2134 1291 2178 non
1312 2112 1392 2177 mul·

287 2224 429 2310 tiplicens
451 2247 484 2289 se
504 2224 613 2309 ipsam,
635 2224 689 2289 sed
712 2224 760 2288 sui
782 2224 1028 2309 applicationem,
1044 2248 1113 2310 quse
1134 2225 1257 2310 proprie
1278 2233 1310 2290 et
1331 2224 1392 2289 for·

286 2336 408 2401 maliter
436 2335 597 2402 constituit
626 2335 776 2401 actionem
806 2336 914 2421 ipsius.
960 2336 1042 2400 Nam
1066 2358 1103 2400 ex
1128 2358 1165 2401 eo
1189 2336 1271 2421 quod
1292 2336 1393 2421 aliqua

287 2448 462 2533 superficies
475 2447 649 2527 materialis,
664 2456 696 2512 et
710 2448 815 2513 omnia
834 2448 900 2513 eius
921 2456 1038 2533 puncta
1056 2446 1233 2527 materialia,
1249 2446 1392 2512 obediant

286 2558 394 2624 virtuti
413 2559 459 2624 vis
480 2559 611 2638 motivae,
626 2580 690 2623 non
712 2558 860 2643 sequitur,
881 2557 1048 2638 absorberi,
1062 2567 1117 2623 aut
1139 2558 1278 2623 consumi
1298 2558 1333 2622 in
1354 2559 1392 2623 iis

286 2672 412 2755 punctis
426 2669 514 2734 illum
530 2670 661 2755 gradum
675 2669 810 2750 virtutis,
824 2670 878 2755 qui
900 2670 934 2735 in
951 2670 989 2735 iis
1011 2669 1130 2735 obtinet
1152 2670 1316 2750 effectum
1339 2669 1393 2735 sed

287 2789 393 2846 manet
406 2803 532 2865 prorsus
551 2781 697 2846 intactus.
742 2781 818 2845 Non
838 2780 922 2846 enim
931 2780 1029 2846 virtus
1048 2781 1168 2865 agentis
1182 2780 1329 2866 recipitur
1347 2803 1392 2845 ae·

288 2894 412 2957 mudum
420 2914 452 2956 sc
459 2892 493 2956 in
503 2914 628 2977 corpore
638 2902 732 2972 moto,
743 2893 797 2958 sed
808 2892 916 2977 recipit
928 2914 1038 2978 eorpus
1050 2893 1185 2977 effectum
1193 2893 1394 2958 resultantem

288 3026 325 3067 ex
333 3002 535 3088 applicatione
549 3003 616 3087 ipsa
630 3004 763 3082 virtutis,
772 3026 841 3089 quae
850 3002 1014 3089 applicatio
1023 3003 1136 3067 dicitur
1150 3002 1238 3068 actio.
1285 3002 1392 3080 Quum

288 3114 370 3178 enim
392 3136 493 3193 omne,
509 3114 592 3199 quod
614 3114 769 3200 recipitur,
788 3114 953 3200 recipiatur
975 3114 1145 3179 secundum
1169 3114 1296 3179 modum
1317 3114 1393 3180 reci·

288 3226 411 3311 pientia,
426 3234 458 3290 et
479 3226 606 3290 materia
626 3248 690 3290 non
713 3226 755 3291 sit
775 3226 927 3311 receptiva
948 3225 1009 3290 nisi
1031 3233 1134 3290 motus
1148 3225 1271 3311 passivi,
1287 3226 1392 3290 nullus

289 3336 403 3422 gradus
416 3337 539 3403 virtutis
553 3337 658 3402 activae
672 3347 774 3423 potest
789 3338 959 3403 secundum
974 3360 1007 3402 se
1021 3337 1114 3422 recipi
1128 3337 1162 3401 in
1177 3337 1314 3402 materia.
1352 3338 1393 3403 In

288 3458 412 3513 tantum
433 3448 529 3533 igitur
549 3447 661 3513 dicitur
680 3450 784 3535 recipi,
798 3450 831 3514 in
847 3458 999 3536 quantum
1014 3449 1141 3513 materia
1155 3459 1280 3534 propter
1294 3450 1392 3535 appli-

289 3560 438 3625 cationem
467 3559 539 3624 talis
561 3560 684 3625 virtutis
712 3569 874 3641 movetur,
900 3583 965 3626 non
990 3582 1060 3625 vero
1090 3560 1174 3645 quod
1204 3561 1237 3625 in
1266 3562 1394 3625 materia

289 3682 446 3758 tamquam
459 3672 493 3737 in
509 3672 642 3758 quodam
656 3673 794 3738 subiecto
817 3680 948 3752 maneat,
965 3671 1054 3758 eique
1074 3671 1231 3751 inhaereat,
1245 3672 1329 3757 quod
1346 3681 1393 3737 est

290 3806 414 3870 prorsus
428 3784 625 3870 impossibile.

334 3895 418 3960 Hinc
443 3903 579 3986 apparet,
594 3895 737 3959 virtutem
764 3894 821 3958 uni
846 3894 981 3959 materiae
1004 3893 1187 3979 applicatam
1206 3915 1273 3958 esse
1292 3893 1393 3959 adhuc

289 4007 378 4072 alteri
390 4007 525 4072 materiae
538 4005 770 4091 applicabilem:
792 4014 824 4069 et
839 4013 1060 4091 consequenter
1075 4022 1138 4069 non
1160 4026 1226 4069 esse
1243 4004 1394 4089 multipli-

289 4119 418 4184 candam
447 4119 592 4184 virtutem
621 4118 661 4184 ad
696 4117 947 4204 multiplicandos
975 4116 1111 4195 effectus,
1142 4116 1196 4181 sed
1225 4116 1298 4179 satis
1328 4137 1393 4181 esse

290 4230 492 4313 multiplicare
511 4230 604 4295 unius
618 4230 741 4295 virtutis
763 4230 1008 4315 applicationem.
1052 4227 1165 4293 Positis
1184 4249 1258 4312 ergo
1273 4226 1393 4293 duabus

290 4342 338 4408 vel
358 4342 501 4426 pluribus
526 4341 742 4427 superficiebus
763 4340 917 4426 sphaericis
939 4340 1018 4405 cirea
1039 4340 1225 4406 elementum
1250 4340 1392 4421 materiae,
