3200 4984
215 374 287 423 car,
302 354 371 437 nn]
596 376 638 417 ou
655 376 775 419 rursus
791 377 980 420 conmuurs.
1256 361 1322 423 299

215 540 337 604 virtutis
361 541 465 604 activae
488 540 641 619 elementi,
666 540 720 603 sed
743 549 790 604 est
814 540 1022 625 potentialius
1045 540 1188 618 materiae,
1208 562 1245 603 ex
1259 563 1321 629 qua

215 660 372 738 tamquam
388 673 425 715 ex
439 660 544 717 centro
564 652 708 736 dirigitur
728 652 807 717 actio
822 652 954 731 virtutis,
969 661 1006 716 ut
1022 652 1086 717 late
1105 651 1320 737 explicavimus

215 763 248 826 in
263 770 395 827 tractatu
410 766 459 827 De
471 766 581 847 primis
594 766 762 849 princepis,
778 786 843 849 cap.
860 765 888 828 Ι.
933 764 1096 841 Quomodo
1116 773 1217 829 autem
1237 765 1320 829 idem

215 896 272 939 suo
287 875 378 939 modo
393 898 498 940 verum
513 874 563 953 sit,
583 874 676 941 etiarn
696 877 819 960 quando
838 875 942 959 agitur
956 875 994 939 de
1008 876 1121 939 virtute
1141 875 1320 941 substantiae

215 985 391 1070 spiritualis,
412 986 582 1051 videbimus
603 1009 658 1051 suo
678 986 763 1065 loco;
786 987 837 1051 hic
857 988 939 1051 enim
959 996 1126 1051 tractamus
1148 989 1319 1071 prasertim

215 1096 253 1160 de
267 1098 380 1161 virtute
395 1098 554 1178 materiali,
570 1098 658 1162 cu'ius
672 1098 814 1182 proprius
828 1109 915 1163 actus
929 1107 976 1162 est
989 1121 1111 1163 movere
1125 1099 1269 1164 localiter.

258 1210 310 1271 61.
335 1208 491 1285 Quaeritur
511 1209 654 1289 seeundo,
674 1218 773 1275 utrum
787 1214 883 1275 virtrc
897 1219 1006 1289 meato,
1020 1219 1089 1276 utut
1103 1234 1205 1276 cereris
1212 1221 1319 1296 poten-

214 1320 342 1385 tialitote
357 1322 514 1386 intrinseco
529 1344 547 1385 o
562 1324 706 1387 aectoris
720 1324 871 1401 oetoobili,
886 1323 992 1387 todem
1004 1325 1149 1387 rationem
1163 1347 1267 1389 eorm.

258 1433 438 1517 Respondeo
472 1434 648 1498 affirmative
657 1461 667 1514 3
689 1458 762 1499 nam
798 1457 921 1499 causare
955 1457 1019 1499 non
1052 1443 1099 1499 est
1129 1436 1252 1515 mutari,
1287 1447 1319 1500 et

213 1567 336 1609 causare
355 1553 475 1610 motum
495 1567 561 1610 nou
581 1556 627 1610 est
643 1547 766 1626 moveri,
787 1547 841 1611 sed
860 1555 907 1610 est
921 1547 1067 1611 vinutem
1086 1548 1206 1631 agentis
1225 1548 1319 1632 recipi

213 1656 246 1719 in
261 1656 338 1721 alio:
360 1680 454 1742 quare
474 1658 644 1723 mutabitur
663 1660 793 1744 patiens,
813 1682 876 1723 non
890 1668 993 1723 autem
1009 1682 1103 1744 agens
1118 1660 1316 1746 inquantum

213 1790 316 1851 agens.
363 1768 444 1845 Quia
465 1777 569 1833 tamen
591 1793 687 1855 agens
708 1770 801 1835 habet
813 1770 917 1835 'etiam
931 1770 1065 1855 aliquam
1080 1771 1140 1835 vim
1156 1772 1317 1855 passivam,

133 1962 139 1971 ι
212 1880 290 1945 circa
304 1881 383 1945 hauc
398 1881 629 1947 immutabitur:
653 1882 706 1947 sed
721 1882 786 1947 haec
808 1883 935 1946 omnino
955 1883 1158 1967 distinguitur
1171 1908 1191 1948 a
1204 1885 1318 1949 virtute

212 1992 343 2071 motiva,
366 2001 397 2055 et
417 2000 564 2076 praeterea
586 1994 716 2057 mutatio
738 1993 884 2080 praedicta
902 2015 966 2057 non
981 1993 1119 2077 sequitur
1132 2017 1169 2059 ex
1183 2017 1221 2059 eo
1234 1996 1317 2079 quod

212 2102 287 2184 agit,
303 2102 355 2166 sed
370 2124 406 2165 ex
420 2124 456 2166 eo
471 2102 556 2187 quod
570 2104 720 2168 actionem
735 2104 844 2189 recipit
858 2102 983 2168 alterius
997 2104 1128 2188 agentis.

255 2215 308 2278 62.
333 2213 489 2290 Quaeritur
522 2216 624 2294 tertio,
655 2240 696 2281 aa
724 2221 819 2281 virtus
846 2221 957 2284 motivo
990 2225 1131 2281 uectore
1159 2218 1317 2301 dependeat

212 2328 310 2409 quood
323 2349 383 2390 esse
398 2328 435 2391 ab
450 2328 554 2411 aliquo
569 2336 714 2392 uectore.

255 2440 437 2525 Respondes
466 2440 626 2525 negative:
649 2441 723 2526 quia
748 2440 836 2519 actio,
865 2463 934 2526 quae
963 2442 1100 2525 procedit
1125 2464 1143 2505 a
1168 2452 1315 2520 creatura,

211 2552 355 2635 recipitur
370 2575 424 2636 per
438 2553 564 2616 modum
584 2552 735 2637 passionis
749 2553 782 2616 in
798 2552 906 2638 aliquo
921 2553 1074 2617 subiecto:
1096 2555 1193 2619 virtus
1212 2565 1316 2619 autem

211 2662 325 2728 motiva
338 2687 402 2729 non
422 2673 469 2728 est
491 2665 593 2749 passio
618 2665 749 2729 alicuius
772 2665 912 2744 subiecti,
933 2666 987 2729 sed
1001 2675 1048 2731 est
1063 2665 1128 2751 ipse
1142 2675 1228 2731 actus
1243 2667 1315 2731 sub·

211 2775 370 2856 stantialis,
385 2785 421 2840 ut
441 2777 570 2841 ulterius
593 2777 820 2849 accidentaliter
841 2777 1051 2843 terminabilis.
1096 2779 1138 2842 Et
1152 2778 1222 2843 ideo
1236 2778 1316 2843 sicut

209 2888 307 2952 forma
331 2888 541 2953 substantialis
566 2889 653 2953 nulla
676 2889 795 2955 actione
823 2898 968 2955 ereaturae
993 2890 1120 2974 produci
1142 2899 1255 2975 potest,
1278 2900 1315 2955 ut

209 2999 282 3063 alibi
297 3000 392 3064 solide
410 3000 615 3085 probavimus,
631 3002 674 3065 ita
689 3002 774 3066 nulla
788 3002 886 3067 virtus
905 3003 1019 3067 motiva
1033 3012 1064 3067 et
1077 3003 1183 3067 nullus
1200 3003 1315 3087 gradus

209 3110 330 3175 virtutis
356 3110 477 3175 motivae
499 3111 555 3175 tali
579 3112 698 3176 actione
723 3112 851 3197 produci
875 3121 988 3197 potest.
1032 3113 1073 3176 Et
1095 3122 1240 3198 praeterea
1260 3115 1314 3200 qui

209 3244 271 3285 non
285 3231 387 3307 potest
401 3224 515 3302 minus,
526 3246 589 3287 non
604 3232 704 3308 potest
717 3224 802 3309 plus:
824 3225 877 3288 sed
889 3226 967 3289 actio
978 3234 1123 3290 creaturae
1135 3249 1198 3290 non
1213 3234 1314 3311 potest

209 3336 372 3399 immutare
393 3334 537 3408 virtutem
560 3335 704 3401 motivam
725 3338 851 3403 alterius
868 3340 912 3421 (ιι.
928 3340 1004 3423 60);
1026 3361 1100 3422 ergo
1114 3362 1171 3405 nec
1185 3339 1313 3404 influere

208 3448 241 3510 in
256 3448 321 3511 eius
336 3470 410 3526 esse,
427 3447 509 3531 quod
523 3456 603 3511 esset
618 3448 700 3532 plus.

253 3561 304 3622 63.
329 3557 484 3634 Quaeritur
504 3567 623 3643 quarto,
648 3560 722 3643 quid
741 3558 782 3626 sit
804 3563 898 3626 uirtus
915 3565 1026 3627 motivo
1046 3570 1189 3627 creatum
1210 3585 1313 3627 careres

157 3736 160 3741 ,
207 3672 365 3733 intrinseco
373 3672 595 3753 potentialitote
605 3680 740 3755 respectu
754 3682 964 3737 machaerum.

252 3782 434 3865 Respondeo
457 3804 523 3845 esse
546 3783 763 3847 virtualitatem
785 3793 872 3849 actus
894 3784 1103 3849 substantialis
1125 3786 1228 3865 creati,
1251 3809 1312 3871 quo

175 3898 179 3903 ’
208 3904 345 3957 creatura
359 3904 416 3958 est.
462 3895 554 3973 Nam,
570 3904 607 3959 ut
620 3904 730 3959 notum
745 3904 801 3974 est,
817 3897 917 3961 forms
930 3905 977 3961 est
991 3898 1025 3961 id
1038 3919 1102 3983 quo
1117 3922 1212 3983 agens
1226 3900 1309 3983 agit:
1356 3956 1359 3960 ,

207 4007 305 4069 forma
320 4017 421 4070 autem
437 4015 483 4069 est
498 4016 583 4070 aetus
599 4007 817 4071 substantialis.
862 4009 969 4093 Agens
983 4018 1087 4072 tamen
1100 4032 1165 4073 non
1179 4011 1243 4094 agit
1258 4033 1313 4095 per

206 4118 336 4181 formam
352 4131 387 4181 ut
402 4118 631 4182 constitutivam
654 4119 712 4198 sui,
737 4118 791 4183 sed
809 4128 846 4182 ut
860 4119 1043 4185 actuativam
1065 4130 1151 4185 actus
1173 4123 1312 4187 acciden-

207 4230 296 4293 talis:
320 4211 392 4314 quia
406 4252 480 4313 ergo
494 4218 557 4293 non
573 4240 619 4293 est
638 4253 771 4309 necesse,
795 4231 897 4315 posito
921 4242 991 4296 actu
1016 4232 1219 4313 substantiali,
1239 4236 1312 4318 poni

207 4351 309 4407 ectum
324 4341 456 4427 aliquem
478 4342 693 4420 accidentalem
718 4345 832 4427 ¹(potest
847 4344 927 4407 enim
945 4345 1050 4409 deesse
1071 4346 1208 4429 potentia
1230 4369 1311 4410 rece·
