3200 4984
187 408 260 458 oar.
275 390 334 474 11.]
514 412 557 456 nn
573 413 774 458 suasrssrra
788 412 972 458 consonas.
1228 394 1292 457 129

191 561 251 627 dici
265 562 472 648 potest‚·quod
483 563 623 629 videlicet
634 563 835 629 contradictio
843 565 939 650 possit
948 565 1037 631 vitari
1051 564 1238 632 attendendo
1253 566 1293 630 ad

191 665 382 730 diversitates
408 666 635 747 distantiarum,
660 690 729 753 quae
754 668 903 733 inducant
928 668 1081 735 diversum
1107 678 1291 755 respectum.

188 776 273 841 Nam
289 780 322 840 1⁰
336 776 485 842 Diversus
499 778 558 842 iste
572 788 727 864 respectus
742 803 804 844 non
825 789 871 844 est
886 780 946 844 nisi
965 790 1121 866 respectus
1136 780 1292 846 distantiae

193 887 316 951 maioris
330 886 369 951 ad
383 887 535 952 minorem
543 875 565 967 5‘
575 889 675 973 magis
690 897 793 954 autem
808 899 839 954 et
859 890 963 955 minus
976 900 1105 976 possunt
1119 891 1246 956 influere
1260 892 1293 955 in

193 997 403 1062 intensitatern
418 998 547 1063 actionis
562 999 730 1065 secundum
747 1000 846 1085 magis
860 1009 891 1065 et
905 1000 1018 1081 minus,
1034 1002 1088 1067 sed
1102 1022 1166 1065 non
1180 1001 1211 1065 in
1228 1000 1295 1066 eius

192 1118 336 1174 naturam
365 1110 555 1193 specificam
584 1110 671 1195 atqui
698 1111 830 1176 mutatio
855 1111 983 1177 actionis
1012 1135 1048 1177 ex
1077 1112 1237 1178 attractiva
1261 1114 1295 1176 in

194 1221 380 1307 repulsivam
406 1229 454 1285 est
473 1220 630 1285 evidenter
652 1222 784 1287 mutatio
808 1224 990 1307 specifica*;
1013 1246 1086 1309 ergo
1109 1246 1172 1289 non
1195 1232 1301 1309 potest
1366 1231 1368 1236 ’

195 1333 301 1398 induci
328 1356 384 1418 per
411 1341 583 1418 respectum
613 1333 776 1399 distantia.
834 1338 870 1399 2⁰
899 1334 1016 1420 Nequit
1045 1336 1159 1401 mutari
1187 1344 1298 1400 natura

195 1444 333 1524 actionis,
343 1444 403 1507 nisi
418 1431 555 1509 mutetur
570 1443 732 1510 intrinsece
746 1446 932 1531 principium
944 1470 1047 1531 agens.
1087 1447 1201 1533 Agitur
1215 1447 1298 1511 enim

196 1556 235 1621 de
263 1556 362 1621 causis
390 1554 592 1636 naturalibus,
619 1579 689 1641 quse
715 1566 788 1622 sunt
812 1556 1003 1623 necessaria:
1033 1557 1163 1644 ideoque
1192 1559 1299 1643 nequit

195 1666 382 1752 principium
401 1688 465 1730 non
487 1666 683 1730 attractivum
705 1667 837 1748 trahere,
858 1677 890 1732 et
911 1669 1019 1754 nequit
1036 1669 1221 1755 principium
1236 1690 1299 1733 non

194 1778 385 1863 repulsivam
399 1776 556 1861 repellere.
600 1776 685 1861 Ergo
701 1777 726 1841 si
740 1801 796 1863 per
810 1788 982 1863 respectum
997 1780 1150 1847 distantia
1165 1790 1302 1845 mutatur

199 1889 277 1954 actio
288 1911 325 1953 ex
336 1888 488 1973 repulsiva
498 1889 529 1952 in
543 1889 744 1969 attractivam‚
757 1888 851 1973 debet¹
859 1914 981 1977 quoque
993 1893 1105 1956 mutari
1116 1892 1302 1977 principium

199 2001 332 2065 activum
341 1998 448 2063 eodem
463 1998 565 2064 modo.
603 1998 700 2084 Atqui
715 2000 823 2084 nequit
837 2000 969 2065 mutatio
984 2002 1137 2067 distantiae
1151 2002 1302 2087 attingere

198 2110 386 2197 principium
401 2110 553 2190 activum3
569 2132 644 2195 ergo
654 2133 711 2175 nec
722 2121 864 2175 naturam
877 2112 1004 2177 actionis
1015 2113 1054 2178 ab
1065 2135 1101 2177 eo
1111 2114 1304 2198 profluentis.v

199 2224 308 2288 Minor
327 2231 374 2286 est
394 2221 527 2302 evidens,
547 2221 619 2306 quia
640 2220 792 2286 distantiae
814 2222 944 2286 mutatio
964 2231 1010 2286 est
1030 2224 1109 2288 circa
1123 2224 1239 2309 aliquid
1253 2246 1303 2288 ex·

200 2335 370 2402 trinsecum,
390 2343 421 2398 et
443 2333 638 2412 accidentale,
659 2334 844 2419 principium
866 2356 936 2399 vero
958 2335 1091 2401 activum
1113 2343 1160 2399 est
1179 2334 1305 2399 omnino

200 2448 404 2512 intrinsecum
427 2455 459 2510 et
481 2445 691 2525 substantiale,
715 2446 908 2523 constituens
926 2446 1099 2511 subiectum
1120 2446 1232 2532 ipsum,
1256 2446 1307 2511 cui

201 2559 325 2655 advenit
340 2558 508 2623 extrinseca
527 2558 643 2623 relatio.
689 2558 787 2645 Atqui
807 2558 976 2624 extrinseca
995 2557 1101 2623 relatio
1124 2580 1186 2623 non
1205 2565 1306 2623 mutat

206 2732 209 2735 ⁴
237 2742 365 2815 ⁴'Negat
381 2742 434 2796 hoe
451 2740 622 2796 Boschovioh
642 2740 751 2813 (Theor.
770 2758 796 2813 p·
811 2742 835 2795 1.
852 2759 879 2796 n.
893 2741 945 2795 108
962 2748 986 2796 et
1005 2741 1079 2813 seq).
1122 2742 1238 2812 Utraque
1260 2742 1306 2811 oss,

202 2830 301 2901 inquit,
314 2830 352 2882 ad
361 2816 478 2881 eamdm
491 2827 607 2898 pertinet
620 2828 736 2897 pecten,
749 2846 829 2898 pamm
845 2828 927 2881 altera
939 2834 1053 2899 respectu
1070 2828 1175 2882 adenis
1190 2828 1310 2898 repetita

203 2918 244 2986 ait,
256 2923 282 2971 et
295 2916 415 2986 aepots'oa
431 2933 448 2967 a
455 2914 574 2985 positos
585 2914 667 2984 specie
682 2932 734 2967 noa
745 2914 874 2985 differant.
911 2915 1033 2969 Alteram
1048 2914 1195 2985 mysticam
1203 2932 1255 2970 esse
1266 2933 1308 2968 rc·

204 3002 412 3075 memacterion,
423 3000 574 3071 patetinda
587 3001 657 3072 qaod
667 3001 845 3053 tantammodo
855 3001 976 3072 differant
993 3001 1022 3057 ia
1033 3000 1170 3057 directione
1174 3042 1303 3057 ........
1305 3064 1308 3068 ,

210 3092 287 3153 Quod
297 3097 385 3144 erstem
394 3088 543 3159 cepaticum
554 3094 579 3142 et
589 3088 730 3158 patticam
741 3089 778 3141 od
787 3089 904 3143 eamdem
918 3088 1068 3158 pertineant
1080 3090 1196 3160 motas,
1208 3090 1238 3143 td
1247 3107 1310 3143 sanc

200 3184 276 3249 patet
287 3178 328 3233 oel
337 3196 370 3231 eae
380 3194 409 3230 eo
415 3175 563 3246 prinecps'o:
583 3176 675 3245 Maqe
686 3180 710 3227 et
728 3174 815 3228 minem
826 3192 878 3227 nors
890 3174 1013 3246 differant
1023 3175 1111 3245 specie.
1149 3176 1222 3229 Nam
1233 3195 1250 3228 a
1257 3194 1309 3246 po·

205 3264 280 3319 sato
292 3281 345 3333 per
355 3262 505 3320 mationem
520 3261 727 3328 adtractiorem,
740 3259 867 3313 nimir-um
882 3256 1086 3330 diminutionem,
1099 3261 1226 3316 hadmar
1232 3264 1310 3336 patres

206 3350 311 3403 macore
323 3348 445 3419 positiva,
459 3354 514 3402 tum
532 3365 601 3416 aero,
613 3365 645 3401 oc
663 3348 766 3401 mum
784 3345 911 3417 nepotis-a,
925 3346 1097 3403 continuando
1111 3348 1310 3403 subtractionem

209 3436 334 3489 eamme
372 3432 411 3486 Et
425 3433 515 3505 pergit
532 3432 584 3486 hoc
596 3431 727 3503 exemplis
744 3425 891 3485 numericis
908 3432 1049 3487 declarare.
1086 3432 1141 3488 Sed
1153 3434 1251 3489 falsum
1270 3440 1311 3489 est

207 3522 266 3577 vim
285 3520 459 3575 attmctivam
476 3526 505 3574 et
521 3518 686 3591 repulsivam
702 3516 849 3572 directione
868 3517 981 3588 differre,
994 3536 1077 3591 quum
1096 3519 1167 3574 inter
1182 3522 1236 3575 duo
1249 3522 1313 3575 data

207 3614 310 3681 puncta
324 3598 437 3662 directio
455 3608 492 3661 sit
509 3607 597 3674 unica
610 3606 667 3660 sive
679 3604 750 3659 vires
761 3604 913 3659 attractiva
925 3612 1067 3677 ponantur,
1080 3607 1137 3661 sive
1152 3609 1311 3681 repulsivas:

208 3696 301 3769 potius
309 3701 394 3749 moto
404 3694 527 3766 impressi
539 3697 619 3747 erunt
629 3693 687 3747 sola
698 3691 846 3747 directione
858 3692 973 3762 diversi;
995 3698 1023 3748 et
1035 3694 1096 3748 ideo
1107 3700 1197 3749 motus
1209 3713 1226 3751 a
1236 3702 1314 3753 motu

209 3782 299 3856 specie
316 3798 371 3835 non
389 3780 502 3835 differet.
538 3780 643 3834 Deinde
661 3779 745 3833 etiam
761 3778 862 3833 falsum
880 3784 929 3849 est,
942 3779 1101 3851 negativum
1119 3786 1147 3834 et
1164 3782 1314 3853 positivum

211 3886 269 3923 essa
295 3867 417 3922 eiusdem
434 3866 533 3939 speciei
554 3865 669 3936 physice,
688 3864 753 3918 licet
770 3864 914 3919 videantur
931 3866 1092 3936 quandoque
1115 3883 1173 3920 esse
1193 3867 1314 3922 eiusdem

211 3954 311 4027 speciei
329 3954 510 4008 mathemate
527 3970 576 4006 seu
597 3951 766 4023 geometrice.
803 3950 887 4005 Ratio
903 3951 1030 4024 estquis
1046 3952 1176 4006 transitus
1191 3970 1314 4025 persero,

212 4058 294 4113 quam
306 4026 477 4095 considerant
488 4044 641 4111 geometrae,
654 4056 709 4093 non
720 4037 787 4092 facit
800 4037 900 4091 mutari
916 4056 981 4106 rem,
994 4038 1048 4092 nisi
1059 4038 1185 4094 relative:
1205 4046 1234 4094 at
1245 4040 1315 4113 phy·

213 4127 267 4182 sico
277 4128 371 4181 nullus
382 4126 416 4181 fit
430 4127 561 4181 transitus
580 4143 628 4198 per
638 4143 704 4191 zero,
716 4141 765 4196 per
780 4141 862 4194 quem
880 4124 995 4196 simplex
1007 4124 1049 4179 vis
1065 4126 1209 4181 attractiva
1225 4127 1254 4181 in
1272 4146 1315 4182 re-

214 4214 486 4287 pulsivammutctur.
512 4211 553 4266 Ut
561 4217 653 4266 autem
661 4212 733 4266 vires
742 4210 798 4264 illae
807 4210 1085 4265 dicerentureiusdem
1095 4212 1202 4283 speciei,
1212 4230 1319 4271 necesso

215 4306 293 4369 esset,
307 4316 391 4353 unam
406 4298 512 4353 trahere
525 4299 592 4367 triac,
605 4299 719 4352 alteram
730 4314 794 4351 vero
810 4296 917 4350 trahere
929 4298 996 4366 inde,
1009 4297 1037 4350 in
1050 4315 1104 4369 quo
1122 4314 1186 4353 casu
1204 4301 1261 4354 sola
1272 4302 1316 4357 di·

214 4387 334 4443 rectione
346 4386 493 4441 differrent.
529 4383 584 4440 Sed
595 4386 715 4456 repellere
725 4387 780 4438 non
792 4388 834 4437 est
845 4383 951 4438 trahere
963 4401 1013 4439 nec
1024 4384 1084 4439 inde
1095 4402 1145 4439 nec
1156 4386 1222 4442 ltine.

1124 4502 1146 4546 K
