3200 4984
803 416 866 487 dii

279 605 389 678 tiores
407 607 485 680 siue
502 607 579 681 ullo
598 616 695 682 certo
714 610 945 684 dissidiorum
959 620 1248 708 temperamento
1259 638 1385 708 sequa·

278 741 447 827 mur,·vel
464 743 585 814 danda
601 743 706 815 nohis
724 752 779 816 est
804 769 926 840 opera,
944 752 987 817 ut
1003 747 1234 821 convenienti
1251 749 1384 842 princi·

277 864 423 958 piorum
449 864 671 940 discussione
697 875 735 940 et
759 867 980 942 limitatione
1012 870 1252 943 necessariam
1286 871 1383 944 inter

277 997 398 1083 partes
432 990 595 1062 eiusdem
629 991 788 1064 scientiae
823 993 1064 1081 concordiam,
1086 1002 1267 1087 quantum
1302 1020 1383 1091 pos-

276 1135 412 1198 sumus,
432 1136 706 1206 consequamur.

325 1243 450 1335 Atque
466 1243 562 1315 hanc
580 1269 648 1341 ego
666 1245 931 1318 conciliationis
949 1268 1108 1341 operam,
1128 1270 1242 1339 quam
1258 1271 1380 1334 nemo,

274 1369 374 1460 quod
384 1367 506 1456 sciam,
518 1369 695 1442 hactenus
705 1369 775 1444 rite
789 1370 958 1465 suscepit,
970 1394 1037 1464 pro
1049 1370 1187 1442 credito
1198 1371 1290 1445 mihi
1302 1396 1382 1443 mu·

274 1516 361 1565 nere
368 1495 534 1581 docendi,
545 1496 746 1568 necessario
758 1497 972 1569 tentandam
986 1496 1086 1582 duxi,
1094 1519 1141 1568 ne
1150 1494 1381 1570 inextricabi-

272 1618 370 1690 libus
380 1619 557 1715 angustiis
569 1619 785 1692 constrictus
797 1619 984 1706 haererem,
991 1626 1057 1691 aut
1067 1617 1276 1713 labyrintho
1290 1644 1380 1712 quo·

273 1741 369 1830 dam,
387 1742 615 1836 circuituque
632 1741 854 1838 inexplorati
870 1741 990 1815 exitus
1008 1766 1176 1816 unacum
1189 1744 1379 1840 discipulis

273 1866 364 1938 meis
397 1867 702 1940 circumvolverer.
758 1868 843 1948 Qua
869 1868 909 1940 in
936 1891 988 1954 re,
1012 1868 1111 1960 quod
1138 1869 1185 1939 ad
1208 1867 1378 1962 physicos

273 1989 416 2078 attinet,
441 1991 597 2064 vixerat
622 2015 687 2063 cnr
704 1992 892 2073 timerem;
920 1990 961 2061 hi
985 1989 1084 2062 enim
1100 1989 1154 2064 ita
1179 1998 1265 2063 sunt
1281 2015 1378 2063 com·

271 2114 401 2209 parati,
420 2125 463 2187 ut
480 2115 511 2186 si
527 2113 635 2203 facta,
662 2114 916 2210 factorumque
940 2113 1040 2210 leges
1056 2116 1308 2202 concedamus,
1335 2117 1376 2188 in

272 2242 410 2314 caeteris
427 2241 679 2337 philosophari
689 2265 756 2315 nos
768 2239 954 2313 liberrime
970 2241 1101 2312 sinant
1156 2240 1228 2313 Sed
1244 2265 1290 2314 ex
1303 2267 1378 2335 qua

271 2375 375 2461 parte
401 2365 615 2439 Scholastici
640 2366 847 2461 attingendi
873 2373 989 2452 erant,
1008 2372 1174 2459 poteram
1199 2373 1375 2455 metuere,

269 2516 318 2564 ne
335 2491 365 2564 si
375 2499 556 2565 vetustam
566 2490 709 2564 aedificii
719 2490 855 2563 molem
867 2491 908 2561 in
921 2489 1057 2586 angulo
1072 2488 1254 2577 laesissem,
1268 2491 1376 2564 ruina

270 2617 433 2689 eiusdem
459 2617 691 2712 opprimerer.
746 2615 912 2701 Accedit,
939 2638 1015 2685 non
1037 2637 1154 2708 pauca
1179 2614 1374 2690 Scholasti-

269 2764 396 2812 corum
420 2740 739 2835 philosophemata
765 2763 851 2810 cum
878 2736 1086 2832 theologica
1108 2737 1260 2810 scientia
1287 2739 1374 2812 satis

268 2871 367 2936 arcte
384 2864 578 2959 coniungi:
607 2887 689 2957 quae
715 2870 909 2959 propterea
933 2860 1037 2932 nulla
1052 2860 1193 2933 ratione
1217 2861 1374 2935 convelli

267 2994 332 3060 aut
349 2987 535 3061 debilitari
559 2997 729 3083 possent3
755 2987 810 3059 ita
833 2985 1045 3082 propositus
1068 2984 1172 3058 labor
1196 3010 1264 3058 nec
1281 2987 1373 3061 diffi-

267 3111 403 3186 cultate
420 3136 488 3185 nec
505 3113 669 3208 periculo
686 3112 848 3184 vacabat.

316 3238 387 3310 Sed
404 3237 508 3324 mihi,
527 3238 574 3309 ob
593 3260 685 3324 eam,
704 3259 815 3329 quam
841 3234 928 3320 dixi,
952 3233 1216 3322 necessitatem,
1233 3236 1370 3308 auden·

265 3363 354 3434 dum
371 3360 465 3435 fuit:
493 3363 547 3434 ita
573 3369 696 3433 tamen
714 3361 935 3445 audendum,
962 3367 1005 3429 ut
1030 3381 1268 3452 quaecumque
1286 3382 1369 3432 con·

264 3487 391 3558 cedere
409 3486 639 3559 Scholasticis
664 3509 739 3556 non
753 3507 910 3579 possem,
928 3507 974 3554 ex
999 3482 1162 3577 ipsorum
1179 3484 1368 3579 principiis

263 3612 490 3684 ostenderem
517 3635 593 3683 esse
618 3610 795 3705 neganda,
820 3616 895 3694 ant,
917 3606 1021 3700 siqua
1045 3606 1226 3702 principia
1252 3610 1367 3681 mani·

261 3732 354 3807 feste
370 3734 541 3807 nutantia
558 3733 880 3830 deprehenderem,
899 3732 945 3802 de
969 3731 1015 3802 iis
1031 3730 1127 3805 nihil
1152 3731 1224 3808 nisi
1240 3733 1365 3807 admo-

261 3860 350 3930 dum
375 3868 482 3932 caute
499 3866 708 3944 statuerem,
727 3857 844 3952 magis
869 3855 1093 3952 corrigendo,
1120 3880 1232 3949 quam
1248 3857 1365 3930 reiici-

259 3985 365 4070 endo,
383 3991 421 4056 et
437 3984 619 4078 integram
634 3979 711 4054 fere
729 3979 1036 4054 Scholasticorum
1053 3980 1362 4077 terminologiam,

257 4129 340 4200 quae
357 4105 539 4202 theologis
556 4129 704 4199 quoque
728 4103 919 4178 familiaris
944 4113 1010 4190 est,
1030 4105 1104 4177 sive
1120 4105 1270 4178 honoris
1288 4106 1365 4180 sive

255 4230 427 4302 utilitatis
453 4254 561 4302 causa
586 4231 769 4304 servando.
823 4228 954 4322 Neque
980 4229 1080 4302 euim
1105 4229 1362 4319 Scholasticos,

255 4355 359 4443 quasi
376 4355 510 4442 hostes,
534 4377 754 4450 expugnare,
782 4356 845 4426 sed
862 4353 966 4447 quasi
990 4352 1200 4426 auxiliarios
1224 4355 1264 4426 in
1282 4357 1363 4428 acie
