3200 4984
208 398 278 443 ιιι.
294 378 349 463 ιι]
588 398 630 441 nn
647 398 767 441 rursus
782 398 974 442 oonrrnnrs.
1248 378 1310 439 281

209 571 295 643 paret
311 560 498 647 quantitates
514 560 671 645 temporis,
687 569 801 640 motus,
817 571 848 624 et
869 560 960 645 spatii
974 559 1312 644 permotumpercursi,

210 674 330 738 desumi
344 674 434 738 aliam
457 696 493 737 ex
507 673 566 737 alia
580 695 635 757 per
651 682 790 737 mutuam
806 671 1074 756 comparationem,
1089 682 1121 735 et
1136 694 1202 736 esse
1216 693 1313 757 quan·

210 786 314 851 titates
332 784 481 865 relatives,
500 808 555 849 seu
572 783 733 849 relationes
753 783 811 848 snb
835 795 984 868 conceptu
1002 783 1182 868 quantitatis
1204 804 1313 869 appro-

209 905 320 969 hensas
328 930 338 983 3
362 904 400 968 de
415 927 477 989 quo
492 904 580 990 plura
597 904 733 984 dicemus
749 904 848 989 eapite
864 905 1015 990 sequenti.

161 1052 162 1055 κ
252 1016 388 1101 Tempus
403 1026 449 1080 est
460 1016 507 1081 vel
523 1015 601 1081 reale
616 1016 663 1080 vel
678 1015 905 1100 imaginarium,
917 1025 1008 1101 prout
1024 1024 1125 1079 motus
1140 1014 1312 1095 successim,

210 1128 322 1213 quibus
337 1139 532 1193 mensuratur
547 1138 620 1193 suut
634 1127 730 1193 reales
745 1128 792 1192 vel
807 1127 989 1211 imaginarii.
1035 1127 1095 1208 Sic,
1108 1128 1134 1192 si
1148 1127 1216 1213 quis
1231 1150 1312 1191 som·

210 1241 275 1305 niat
299 1264 332 1305 se
357 1262 486 1320 currere,
504 1262 601 1326 quum
623 1262 731 1305 cursus
753 1240 806 1303 ille
821 1240 862 1304 sit
883 1240 921 1303 in
936 1238 1153 1324 imaginatione
1177 1249 1312 1318 tantum,

210 1362 342 1437 tempus,
359 1374 420 1437 quo
435 1352 477 1415 sic
497 1351 602 1431 currit,
618 1360 665 1415 est
685 1360 808 1437 tempus
827 1351 1063 1435 imaginarium:
1087 1360 1209 1437 tempus
1229 1350 1312 1415 enim

211 1464 289 1528 reale
306 1465 470 1549 respondet
489 1486 551 1528 non
572 1464 670 1527 motui
689 1485 751 1547 quo
769 1463 875 1542 currit,
891 1463 945 1527 sed
961 1464 1057 1526 motui
1072 1484 1134 1548 qno
1150 1462 1222 1526 vivit
1237 1462 1311 1526 dum

212 1574 351 1639 somniat.
400 1574 530 1638 Nullum
546 1584 648 1639 autem
663 1574 853 1660 concipimus
868 1583 990 1658 tempus
1005 1573 1111 1654 ideale,
1127 1574 1198 1659 quia
1215 1574 1313 1638 ideale

213 1708 276 1749 non
292 1696 338 1752 est
353 1686 506 1751 obiectum
522 1686 758 1771 imaginationis,
771 1686 853 1771 qnod
869 1694 972 1750 tamen
987 1694 1034 1749 est
1049 1684 1086 1750 de
1101 1685 1218 1749 ratione
1235 1687 1326 1749 lem:

211 1798 302 1882 poris.
340 1798 442 1874 Quare
457 1799 577 1863 duratio
592 1798 703 1883 angeli,
715 1820 783 1882 qnae
798 1820 860 1861 non
877 1797 1130 1862 continet'motus
1145 1796 1313 1877 sensibiles,

213 1931 275 1975 non
290 1910 383 1973 hebet
398 1932 455 1995 pro
470 1909 557 1973 nobis
572 1910 721 1973 rationem
736 1907 892 1993 temporis,
908 1917 944 1972 ut
966 1908 1152 1987 monuimus,
1168 1907 1221 1971 sed
1244 1918 1312 1973 tan-

212 2030 278 2084 tum
294 2020 444 2085 intervalli
459 2019 618 2085 cuiusdam
634 2020 775 2085 durativi.
822 2019 904 2096 Quia
917 2027 1019 2083 temen
1034 2041 1197 2083 nos-omne
1217 2021 1313 2084 inter·

212 2132 325 2196 vallum
347 2132 522 2197 durativnm
542 2133 731 2217 concipimus
750 2132 788 2195 ad
810 2129 935 2195 modum
957 2130 1113 2215 temporis,
1129 2130 1200 2194 inde
1215 2140 1262 2195 est
1277 2140 1313 2195 ut

213 2254 335 2328 tempus
350 2253 381 2307 et
397 2244 652 2308 duratiorelativa
663 2243 695 2307 in
707 2242 863 2306 communi
874 2242 1015 2307 discursu
1026 2242 1174 2306 confundi
1185 2242 1312 2307 soleant.

255 2355 390 2439 Tempus
419 2354 467 2420 vel
496 2367 543 2419 est
573 2354 771 2439 praeteritum,
801 2354 889 2418 cuius
922 2352 1043 2417 realitas
1072 2361 1138 2417 tota
1165 2353 1236 2432 fuit,
1265 2354 1315 2418 vel

212 2467 363 2544 futurum,
380 2466 466 2531 cuius
481 2466 602 2530 realitas
618 2475 683 2529 tota
696 2464 763 2544 erit,
778 2465 826 2529 vel
845 2488 882 2528 ex
902 2473 1032 2548 utroque
1052 2464 1265 2549 compositum,
1280 2464 1314 2529 id

212 2587 258 2642 est
278 2578 365 2643 euius
383 2570 503 2643 realitas
527 2578 638 2664 partim
658 2578 727 2655 fuit,
754 2578 863 2661 partim
884 2576 952 2640 erit.
998 2576 1071 2640 Non
1097 2585 1200 2641 autem
1223 2576 1315 2641 datur

212 2712 324 2774 purum
341 2712 472 2773 praesens
488 2690 548 2754 nisi
562 2713 639 2753 nnnc
654 2688 846 2767 indivisibile,
862 2687 945 2772 quod
959 2696 1006 2751 est
1019 2687 1108 2751 limes
1122 2689 1268 2774 temporis
1282 2699 1314 2753 et

213 2824 276 2865 non
298 2810 430 2886 tempus,
446 2824 543 2887 quum
565 2823 629 2864 non
651 2801 805 2864 contineat
827 2809 899 2863 ante
921 2809 1046 2883 etpost.
1093 2799 1196 2875 Quare
1210 2801 1315 2865 infini-

213 2914 355 2975 tesimurn
380 2912 525 2997 temporis
547 2912 630 2996 apud
653 2912 844 2976 mechanicos
866 2933 927 2974 non
951 2920 996 2973 est
1018 2911 1099 2975 idem
1117 2912 1150 2975 in
1165 2922 1316 2999 conceptu

212 3046 247 3086 ac
269 3024 388 3087 instans
407 3023 600 3102 indivisibile,
616 3022 696 3086 sicut
716 3023 808 3086 etiam
829 3021 1061 3085 inlinitesimum
1082 3022 1235 3089 distantiae
1252 3047 1315 3089 non

215 3146 261 3207 est
277 3147 427 3220 punctum
442 3128 700 3199 mathematicum.

256 3250 309 3310 44.
333 3246 489 3323 Quaeritur
505 3246 631 3323 decimo,
647 3254 746 3309 utrum
761 3247 792 3307 in
807 3254 868 3339 toto
884 3254 1012 3330 tempore
1032 3248 1073 3311 eit
1093 3270 1183 3310 annm
1201 3248 1317 3312 instans

213 3361 289 3423 idern
304 3362 340 3422 in‘
349 3382 391 3437 re,
407 3360 544 3444 differens
559 3360 590 3421 in
604 3360 729 3421 ratione.
1043 3358 1047 3364 ’

257 3471 439 3556 Respondeo
454 3470 640 3534 affirmative.
686 3470 778 3547 Nam,
788 3479 824 3532 ut
834 3469 921 3534 docet
935 3472 967 3535 S.
982 3471 1116 3534 Thomas
1132 3469 1247 3555 Opusc.
1262 3473 1316 3549 3⁷,

214 3583 251 3646 de
265 3582 453 3648 instantibus
468 3605 493 3646 c.
511 3584 541 3661 2,
557 3584 634 3647 sient
644 3591 788 3665 punctam
801 3604 833 3645 se
847 3584 933 3646 labet
947 3584 988 3646 ed
1000 3583 1118 3662 lineam,
1134 3584 1179 3647 ira
1188 3605 1220 3647 se
1230 3584 1317 3647 dalet

213 3718 289 3759 nnnc
303 3696 343 3758 ad
361 3704 482 3779 tempas.
530 3695 566 3757 si
580 3696 770 3777 irnnyinemnr
786 3703 932 3775 punctum
946 3697 1101 3777 quiescere,
1123 3717 1182 3757 non
1200 3697 1316 3778 poleri-

214 3828 277 3869 mns
292 3808 449 3890 imapinnri
465 3807 560 3889 quanin
574 3827 635 3868 esse
650 3827 768 3868 cansam
783 3804 884 3868 lineae:
905 3808 1015 3869 sicem
1024 3807 1215 3889 imnpinemnr
1224 3808 1318 3889 mrum

214 3920 331 3997 moveri,
349 3919 416 3981 lieet
431 3919 463 3980 in
483 3920 546 4001 ipso
561 3917 643 3981 nullu
662 3920 703 3982 sil
718 3918 867 3987 dimensio,
884 3941 937 3981 nec
950 3918 1051 4000 alique
1066 3919 1170 3982 divisio
1178 3941 1236 4002 per
1250 3941 1318 3982 core-

213 4052 343 4113 seqnens,
356 4052 411 4113 per
425 4037 561 4093 naturam
576 4037 672 4091 tumen
687 4038 782 4092 motus
796 4031 843 4092 sni
856 4029 1033 4112 relinquitur
1047 4029 1164 4112 aliquid
1174 4031 1319 4094 divisibile

214 4190 221 4204 .
239 4191 246 4203 .
265 4190 272 4204 .
291 4189 298 4203 .
313 4141 398 4204 Illnd
411 4149 506 4203 tamen
515 4148 659 4222 punctum
673 4141 750 4203 nihil
763 4149 808 4203 est
821 4140 857 4203 de
871 4142 965 4223 mains
979 4140 1062 4203 lineoe
1077 4143 1202 4205 essentia
1210 4168 1221 4216 ‚·
1245 4144 1316 4226 quin

210 4254 287 4315 nillil
298 4277 387 4317 ursum
401 4263 430 4317 et
445 4255 519 4316 idem
533 4254 652 4316 realiter
667 4254 798 4316 omnibns
813 4254 907 4317 modis
927 4254 1103 4317 indivisibile
1112 4263 1212 4337 potest
1227 4258 1319 4319 simul

212 4368 245 4428 in
260 4366 380 4429 diversis
389 4366 527 4447 partibus
539 4366 664 4427 eiusdem
679 4366 811 4427 continui
819 4367 1021 4447 permanentis
1038 4388 1099 4429 esse
1114 4416 1122 4430 .
1141 4415 1148 4430 .
1166 4415 1174 4431 .
1192 4416 1199 4431 .
1217 4370 1316 4433 Punc-
