3200 4984
292 310 356 377 128
601 332 660 376 -na
678 330 878 377 sunsranrrs
895 326 1076 375 corconna.
1250 304 1335 389 [cart
1354 324 1394 367 11.

334 502 389 563 47.
412 497 568 575 Quaeritur
582 500 683 577 tertio,
698 508 798 563 atram
813 500 888 563 idem
902 498 1072 563 elementum
1087 496 1211 580 simplex
1221 494 1318 578 possit
1333 510 1393 557 esse

291 611 480 674 attractiourn
504 611 546 673 ud
564 620 674 675 eertum
696 602 870 683 distantiam
894 612 1043 687 maiorem,
1064 607 1241 692 repulsivam
1264 627 1330 668 vero
1354 604 1396 667 ud

291 720 440 800 minorem,
455 722 503 785 vel
514 724 577 785 uiae
590 743 684 785 vaso.
883 714 886 719 ¹

336 833 519 918 Respondes
543 832 694 917 negative,
719 831 790 896 licet
818 832 1002 896 contrarium
1029 832 1141 895 sentiat
1163 830 1199 917 P.
1214 825 1392 891 Boscovioh.

291 942 499 1028 taprobana
537 942 620 1007 Nam
635 943 772 1027 simplex,
782 965 877 1028 quum
894 951 994 1007 careat
1009 942 1156 1026 partibus,
1167 940 1273 1024 nequit
1282 938 1393 1002 habere

292 1056 452 1133 contraria,
468 1054 527 1118 nisi
545 1056 578 1118 in
592 1054 700 1119 eodem
715 1063 747 1118 et
767 1054 825 1118 snb
840 1055 945 1118 eodem
967 1063 1126 1137 respectu;
1149 1051 1232 1137 quod
1246 1052 1392 1135 importat

291 1186 393 1229 veram
417 1164 697 1230 contradictionem.
747 1164 863 1229 Eadem
888 1166 971 1229 enim
997 1172 1028 1229 et
1057 1166 1147 1229 unica
1169 1164 1215 1228 vis
1238 1161 1276 1227 ab
1300 1162 1393 1225 unico

291 1272 396 1341 centro
411 1276 578 1361 procedens
601 1298 662 1340 non
685 1284 787 1361 potest
801 1276 920 1361 concipi
936 1276 1028 1340 simul
1048 1299 1114 1340 esse
1129 1274 1166 1340 de
1184 1298 1216 1339 se
1230 1284 1261 1338 et
1275 1273 1394 1337 ratione

291 1390 339 1453 sui
353 1388 477 1452 trahens
497 1395 528 1452 et
549 1387 708 1473 repellens.
756 1388 808 1451 Ad
822 1377 995 1452 evitandam
1016 1386 1285 1454 contradictionem
1301 1385 1391 1462 hane,

290 1501 336 1565 vel
353 1498 515 1563 dicendum
526 1499 652 1577 est,vim
668 1498 752 1563 illam
770 1498 937 1583 simplicem
955 1522 1020 1563 esse
1035 1490 1066 1563 in
1077 1522 1109 1563 se
1124 1490 1393 1563 indeterminatam

272 1610 329 1676 'ad
350 1610 535 1674 trahendum
557 1599 618 1673 aut*
632 1600 855 1694 repellendum,
876 1612 920 1675 ita
942 1620 977 1676 ut
1000 1600 1136 1694 indigeat
1159 1609 1392 1675 determinatio

290 1722 436 1787 distantia
457 1720 577 1800 obiecti,
595 1720 628 1783 in
648 1721 732 1805 quod
753 1722 828 1805 agit,
844 1722 892 1787 vel
914 1708 1078 1786 dicendum
1101 1730 1147 1786 est
1170 1721 1287 1799 saltem,
1308 1720 1391 1805 quod

290 1823 407 1898 divema
429 1831 575 1896 distantia
596 1832 669 1896 dicit
694 1832 846 1897 diversum
879 1822 1063 1920 respectum,
1086 1841 1117 1899 et
1149 1835 1192 1898 sic
1218 1821 1338 1898 trahere
1359 1842 1391 1895 et

167 2023 170 2029 .
289 1943 433 2028 repellere
461 1950 563 2007 essent
591 1943 733 2026 opposita
756 1943 892 2028 quidem,
918 1944 971 2009 sed
1000 1944 1058 2009 sub
1087 1944 1206 2009 diverso
1230 1952 1392 2029 respectu3

248 2068 257 2150 ,⁴
289 2055 372 2141 qnod
386 2054 507 2119 tolleret
521 2054 811 2133 contradictionem
835 2055 883 2121 vel
898 2058 1020 2121 tandem
1038 2046 1202 2121 dicendum
1217 2063 1273 2135 est,
1283 2064 1318 2120 ut
1333 2078 1391 2117 nos

289 2168 429 2246 dicimus,
444 2166 571 2231 unicum
591 2166 778 2253 elementum
793 2191 859 2232 esse
880 2156 1009 2253 semper,
1025 2176 1055 2233 et
1078 2169 1116 2232 ad
1136 2190 1258 2233 omnem
1274 2168 1390 2231 distan-

287 2281 373 2358 tiam,
389 2278 437 2343 vel
457 2300 535 2363 pure
554 2277 759 2357 attractivum,
775 2278 823 2342 vel
844 2302 920 2364 pure
940 2280 1139 2365 repulsivnm.
1182 2278 1230 2343 -Ex
1252 2279 1301 2341 his
1321 2301 1391 2341 vero

287 2391 388 2455 tribus
402 2380 536 2475 primum
553 2387 612 2452 dici
627 2388 735 2474 nequit
743 2414 753 2468 ;
777 2413 859 2470 nam,
875 2414 973 2476 quum
988 2392 1172 2476 principium
1197 2392 1327 2456 activum
1351 2390 1392 2453 sit

288 2512 383 2580 actus,
399 2510 430 2565 et
445 2509 532 2568 actus
547 2499 740 2578 determinet,
756 2502 864 2586 nequit
880 2503 1011 2587 supponi
1032 2503 1090 2568 iste
1106 2512 1192 2567 actus
1206 2502 1239 2566 in
1255 2525 1287 2566 sc
1302 2502 1392 2565 inde-'

286 2615 488 2679 terminatus:
511 2620 543 2675 et
565 2620 711 2696 praeterea
731 2612 849 2697 aliquid
869 2614 1073 2679 extrinsecum
1095 2601 1229 2678 mutaret
1247 2614 1390 2678 determi-

287 2714 442 2788 nationem
458 2723 601 2787 elementi
621 2722 661 2786 ad
675 2713 871 2803 trahendum,
886 2732 917 2788 et
937 2734 1048 2790 natura
1066 2726 1209 2811 principii
1230 2725 1318 2789 activi
1342 2726 1389 2787 in-

286 2834 410 2898 trinseci
426 2825 571 2918 penderet
586 2856 603 2897 a
618 2823 707 2899 causa
722 2836 898 2900 extrinseca.
945 2837 1076 2923 Insuper
1091 2861 1181 2902 causa
1195 2839 1259 2903 haec
1274 2838 1389 2901 extam-

287 2969 356 3009 seca
374 2955 454 3009 esset
470 2944 633 3010 distantia:
656 2945 708 3010 sed
724 2946 870 3011 distantia
889 2950 996 3033 nequit
1011 2972 1076 3013 esse
1096 2934 1196 3029 causa,
1212 2972 1308 3035 quum
1324 2972 1389 3015 non

288 3057 327 3121 sit
351 3056 468 3141 aliquid
490 3044 632 3136 activum,
658 3056 711 3121 sed
734 3080 812 3142 pura
836 3059 953 3124 relatio.
1004 3061 1037 3124 Si
1058 3084 1128 3125 vero
1152 3062 1243 3141 dicas,
1265 3083 1387 3125 causam

287 3153 466 3231 mutationis
483 3156 551 3229 'non
566 3156 639 3231 ⁴ease
662 3167 850 3247 distantiam,
866 3169 919 3233 sed
941 3170 1102 3249 actionem,
1117 3194 1186 3255 quae
1198 3193 1243 3234 -ex
1265 3171 1320 3235 tali
1342 3172 1390 3235 di-

287 3279 401 3343 stantia
409 3265 573 3357 exercetur,
586 3287 730 3362 sequetur
745 3278 922 3344 absurdum.
969 3281 1050 3345 Nam
1067 3283 1145 3346 actio
1160 3283 1273 3346 motiva
1285 3292 1390 3347 causat

287 3389 466 3474 simpliciter
488 3396 618 3467 motum,
634 3388 687 3473 qui
710 3390 855 3473 recipitur
869 3390 900 3453 in
922 3376 1098 3475 passivitate
1121 3394 1264 3471 materiae,
1281 3406 1311 3455 et
1333 3416 1386 3457 ne·

287 3502 355 3587 quit
364 3501 514 3585 attingere
525 3508 665 3563 naturam
679 3501 822 3586 principii
834 3503 923 3566 activi
938 3503 1074 3568 eiusdem
1087 3490 1231 3569 materiae.
1262 3506 1389 3569 Accedit

285 3611 379 3698 qnod,
396 3612 422 3675 si
443 3610 645 3676 amutatione
660 3610 703 3675 rei
723 3611 943 3697 cuiuscumque
965 3612 1121 3677 exterioris
1138 3614 1322 3698 dependeret
1339 3615 1388 3678 in-

285 3724 417 3788 trinseca
431 3721 644 3786 determinatio
663 3722 807 3786 elementi
827 3723 867 3786 ad
889 3724 1097 3807 repellendum
1118 3735 1172 3788 aut
1189 3726 1386 3805 trahendum,

285 3838 344 3900 ista
359 3835 572 3899 determinatio
581 3842 661 3897 esset
673 3832 824 3896 elemento
833 3821 1037 3912 accidentalis,
1051 3822 1085 3898 ut
1096 3824 1191 3919 patet.
1231 3835 1389 3911 Quaeritur

285 3967 359 4029 ergo
379 3946 414 4013 in
435 3945 491 4008 tali
513 3966 594 4023 casu,
612 3931 759 4028 'quaenam
790 3945 830 4006 sit
853 3945 983 4008 essen-tia
1005 3946 1098 4009 unius
1128 3946 1281 4027 elementi,
1304 3949 1389 4033 quod

285 4079 385 4142 neque
394 4056 505 4134 trahat,
514 4078 615 4142 neque
625 4055 752 4140 repellat
764 4078 772 4118 1
793 4064 824 4119 et
836 4044 991 4140 quodnam
1001 4057 1041 4121 sit
1055 4058 1241 4143 principium
1253 4060 1387 4124 activum

286 4168 445 4246 motivum,
460 4166 544 4251 quod
558 4155 760 4233 essentialiter
777 4189 877 4250 neque
893 4166 933 4230 sit
955 4169 1093 4251 potentia
1114 4168 1273 4234 attractiva
1288 4194 1390 4255 neque

286 4280 446 4364 repulsivas,
463 4278 516 4341 sed
538 4278 713 4342 indifferens
729 4277 765 4340 de
782 4300 813 4339 se
835 4278 872 4341 ad
892 4280 1100 4363 utrumqnci'*
1126 4282 1192 4344 Neo
1219 4283 1392 4353 secundum
