3200 4984
303 379 347 444 20
727 399 771 442 na
787 398 972 443 aarncrrrrs
1259 375 1347 459 [car.
1364 393 1404 436 11.

304 586 374 629 cum
390 563 449 628 lruo
464 562 637 630 exclusione
652 571 739 628 actus
755 563 979 628 musideratnm
995 584 1058 626 non
1073 561 1147 626 dicit
1161 560 1294 646 aliquam
1309 568 1406 623 mate-

304 675 380 739 riam
397 673 573 759 possibilem
586 699 596 752 ;
619 673 806 759 possibilitas
819 674 903 738 enim
917 672 1038 738 essendi
1052 681 1098 736 est
1113 671 1298 757 possibilitas
1319 679 1407 734 actus

304 785 478 864 entitativi3
500 791 532 848 et
547 784 611 848 haec
626 805 689 848 non
704 784 880 848 continetur
893 784 927 848 in
941 791 1090 868 conceptu
1100 782 1280 858 excludente
1290 790 1405 845 actum.

305 897 437 982 Insuper
451 895 552 960 omnis
566 893 753 981 possibilitas
769 894 843 959 dicit
858 894 989 980 aliquam
1005 894 1182 973 realitatem,
1195 893 1321 958 materia
1334 913 1406 956 vero

304 1007 404 1092 prima
424 1005 498 1070 dicit
520 1006 721 1090 privationem
742 1006 844 1069 omnis
863 1004 1009 1069 realitatis
1019 1030 1030 1083 3
1056 1026 1129 1088 ergo
1146 1025 1211 1067 non
1232 1011 1306 1066 sunt
1324 1002 1407 1065 idem

304 1117 431 1182 materia
452 1117 561 1202 prima,
577 1125 608 1180 et
623 1114 810 1202 possibilitas
824 1114 959 1179 materiae
973 1114 1123 1178 secunda.
1168 1112 1321 1175 Praeterea
1334 1133 1405 1195 pos-

306 1227 436 1293 sibilitas
461 1227 597 1292 materiae
623 1225 764 1291 secundae
789 1232 837 1289 est
865 1224 1050 1309 possibilitas
1078 1231 1164 1288 actus
1187 1221 1342 1286 terminati
1367 1220 1407 1285 ad

307 1347 468 1423 punctum,
492 1345 528 1402 ut
551 1336 668 1401 dictum
691 1343 737 1400 est
759 1347 805 1398 n⁰.
822 1340 852 1413 7,
868 1337 908 1414 83
931 1335 985 1398 sed
1007 1333 1133 1398 materia
1154 1332 1253 1418 prima
1274 1354 1337 1396 non
1360 1339 1406 1396 est

305 1447 491 1533 possibilitas
506 1455 592 1512 sotus
607 1445 762 1510 terminati
774 1446 813 1509 ad
827 1454 989 1531 punctum,
1002 1444 1056 1508 sed
1066 1443 1224 1528 potiusest
1240 1451 1405 1527 conceptus

304 1559 389 1624 illius
403 1558 522 1645 puncti,
531 1566 568 1622 ut
583 1579 647 1622 non
662 1557 818 1622 terminati
832 1579 886 1641 per
900 1564 1022 1634 actum3
1044 1564 1076 1619 et
1091 1555 1159 1618 ideo
1173 1561 1292 1642 nonest
1306 1562 1404 1616 mate-

242 1670 245 1678 '
304 1669 351 1732 ria
372 1669 471 1753 prima
492 1668 573 1732 idem
590 1689 625 1732 ac
639 1666 825 1752 possibilitas
841 1666 974 1730 materiae
989 1674 1128 1730 actuatae.
1174 1665 1306 1748 Insuper
1319 1663 1406 1746 valde

305 1777 476 1841 notandum
492 1785 549 1855 est,
565 1776 724 1841 materiam
740 1799 804 1841 non
819 1776 919 1840 solum
943 1776 1084 1860 primam,
1108 1774 1162 1839 sed
1181 1782 1213 1838 et
1231 1773 1406 1860 secundam,

304 1909 368 1951 non
383 1886 494 1951 habere
509 1886 642 1970 aliquam
657 1887 819 1952 essentiam
832 1914 842 1965 ;
865 1909 961 1971 quum
977 1886 1077 1950 omnis
1088 1885 1219 1975 essentia
1230 1886 1269 1949 sit
1280 1884 1406 1972 aliquid,

304 2005 335 2060 et
356 1997 492 2074 materia,
508 1996 600 2061 etiam
624 1995 766 2075 secunda,
782 1997 951 2060 seeundum
970 1996 1053 2082 quod
1074 2005 1120 2060 est
1136 1994 1272 2074 materia,
1288 2018 1350 2059 non
1366 1995 1406 2058 sit

305 2106 430 2190 aliquid,
446 2116 481 2169 ut
496 2106 710 2190 explicandum
726 2115 840 2170 manet.
886 2106 968 2170 Nam
991 2106 1118 2171 materia
1141 2106 1239 2190 prima
1260 2105 1338 2189 nihil
1360 2113 1407 2190 est

304 2217 428 2307 positivi
449 2239 505 2282 nec
527 2217 561 2280 in
583 2239 615 2280 se
638 2239 694 2280 nec
718 2216 887 2280 secundum
909 2225 1113 2302 conceptum3
1135 2225 1166 2280 et
1182 2216 1249 2280 ideo
1264 2217 1356 2282 etiam
1373 2217 1407 2302 S,

304 2329 438 2393 Thomas
464 2328 600 2393 admittit
626 2351 692 2393 eam
716 2351 779 2392 non
807 2327 918 2392 habere
941 2329 1122 2392 essentiam:
1152 2328 1279 2393 materia
1303 2337 1406 2393 autem

304 2440 444 2520 formata,
458 2440 530 2505 licet
547 2439 658 2504 habeat
677 2439 801 2528 aliquod
816 2462 891 2518 esse,
907 2439 992 2525 quod
1005 2448 1053 2504 est
1067 2462 1131 2503 esse
1145 2463 1205 2504 suc
1211 2440 1329 2524 forme,
1343 2462 1405 2504 non

304 2551 396 2615 habet
411 2536 514 2615 tamen
529 2551 654 2636 aliquod
669 2573 745 2629 esse,
755 2550 839 2634 quod
853 2551 894 2614 sit
908 2574 974 2614 esse
984 2574 1068 2615 mmm
1080 2552 1278 2629 intrinsecum,
1289 2559 1320 2614 et
1334 2574 1414 2635 pro·,

303 2662 406 2746 prium
425 2664 482 2742 sui,
497 2663 530 2726 in
549 2670 701 2749 quantum
718 2670 765 2726 est
788 2661 931 2725 materia:
956 2662 1033 2726 sicut
1054 2661 1201 2741 foramen,
1218 2662 1301 2746 quod
1323 2663 1359 2725 fit
1373 2663 1406 2725 in

305 2773 419 2850 charta,
434 2773 506 2837 lieet
520 2772 629 2837 habeat
645 2794 711 2835 esse
725 2771 880 2856 quoddam
896 2772 1100 2837 extrinsecum
1115 2781 1146 2836 et
1165 2773 1337 2852 relativum,
1352 2781 1407 2837 aut

304 2881 542 2959 terminativum‚
559 2880 641 2967 quod
656 2890 702 2944 est
718 2881 749 2945 in
765 2880 869 2944 charta
885 2881 961 2965 ipsa,
976 2904 1040 2947 non
1055 2882 1149 2947 habet
1163 2891 1267 2947 tamen
1283 2883 1408 2968 aliquod

304 3013 370 3055 esse
394 2990 453 3055 sibi
477 2991 678 3055 intrinsecum
702 2999 733 3054 et
758 2990 926 3074 proprium,
949 2991 982 3054 in
1005 3001 1157 3076 quantum
1181 3001 1227 3058 est
1251 2993 1407 3072 foramem

304 3101 378 3188 quia
396 3101 533 3165 foramen
552 3123 617 3164 non
636 3100 748 3178 existit,
764 3099 825 3163 nisi
844 3122 899 3184 per
920 3101 1113 3165 existentiam
1134 3101 1246 3166 chartae
1265 3101 1408 3166 habentis

304 3212 432 3275 formam
450 3211 616 3290 foraminis,
627 3232 694 3296 quae
709 3211 806 3274 forma
821 3233 884 3273 non
899 3220 946 3274 est
961 3211 1074 3276 entitas
1089 3213 1191 3297 aliqua
1206 3213 1239 3276 in
1250 3214 1317 3298 ipso
1328 3214 1408 3278 fora·

305 3323 397 3402 mine,
410 3321 507 3385 sedin
518 3322 584 3406 ipsa
595 3321 708 3385 charta.
741 3319 846 3396 Quum
862 3343 935 3405 ergo
950 3345 998 3385 res
1013 3323 1167 3407 possibilis
1182 3324 1223 3388 sit
1238 3325 1408 3389 secundum

305 3432 388 3516 quod
405 3431 498 3496 habet
516 3430 689 3508 essentiam,
709 3431 833 3493 materia
853 3431 961 3515 prima,
981 3455 1049 3516 quae
1070 3433 1205 3498 excludit
1225 3458 1243 3499 a
1260 3458 1316 3499 suo
1337 3459 1409 3500 con-

304 3550 396 3626 ceptu
406 3563 529 3605 omnem
541 3539 713 3618 essentiam,
726 3540 834 3623 nequit
846 3563 911 3605 esse
921 3541 1003 3605 idem
1014 3565 1050 3606 ao
1060 3545 1195 3610 materiae
1204 3546 1391 3630 possibilitas
1398 3575 1408 3626 ;

305 3653 432 3717 materia
446 3673 516 3716 vero
534 3651 673 3728 formata,
681 3657 757 3733 ‘quae
778 3672 843 3713 non
865 3660 912 3715 est
931 3662 1106 3736 peractum
1127 3631 1286 3740 proprium
1306 3681 1409 3738 suum,

306 3762 359 3825 sed
373 3785 428 3847 per
443 3769 544 3824 actum
561 3781 623 3823 suae
638 3759 752 3838 lormae,
763 3759 840 3823 sicut
856 3759 1071 3827 denominatur
1086 3764 1218 3828 existens
1227 3766 1265 3830 ab
1278 3767 1411 3831 existen-

306 3873 350 3936 tia
371 3873 486 3949 lormae,
502 3871 545 3934 ita
567 3878 664 3934 totam
679 3871 843 3933 essentiam
858 3894 893 3935 ac
909 3872 1143 3955 possibilitatem
1158 3875 1253 3940 habet
1268 3886 1352 3942 extra
1368 3902 1424 3959 se,

305 3981 396 4044 idest
410 3981 444 4043 in
455 3980 521 4064 ipsa
532 3979 639 4042 forma.
663 3965 665 3970 ¹
686 3978 735 4043 sic
750 3989 890 4042 centrum
904 3980 1028 4065 sphaerae
1040 3963 1153 4048 dicitur
1164 3997 1305 4051 centrum
1318 4011 1411 4074 prop-

306 4099 354 4152 ter
370 4089 528 4172 sphaeram,
545 4109 612 4171 quae
628 4087 680 4150 dat
698 4087 743 4150 illi
766 4096 881 4171 puncto
898 4089 1179 4158 denominationem
1191 4100 1289 4161 centri
1304 4099 1342 4162 ab
1358 4122 1411 4163 ex·

306 4196 457 4259 trinseoo:
481 4204 512 4278 et
528 4196 553 4258 si
568 4218 685 4279 quaeras
700 4197 862 4260 essentiam
878 4200 975 4263 centri
990 4224 1052 4265 non
1067 4205 1183 4306 poteris
1195 4229 1262 4270 eam
1273 4208 1412 4274 invenire

307 4308 339 4369 in
354 4306 420 4389 ipso
435 4314 559 4389 puncto,
573 4306 627 4370 sed
642 4306 739 4370 solum
755 4309 787 4370 in
804 4308 932 4392 sphaera,
948 4334 1016 4394 quae
1031 4314 1056 4376 si
1069 4315 1203 4407 deficiat,
1220 4319 1299 4383 ratio
1314 4321 1413 4385 centri
