3200 4984
300 351 343 418 50
739 379 781 422 na
797 377 983 423 aarucrrrrs
1251 358 1335 442 [car.
1352 375 1409 418 111.

301 537 357 602 sed
377 561 481 604 earnm
505 539 717 606 determinatio
739 541 778 606 ad
800 542 893 607 talem
912 542 1062 607 actionem
1081 551 1112 607 et
1134 541 1318 627 passionem,
1341 562 1411 625 quae

304 648 518 716 determinatio
537 661 584 717 est
604 652 664 718 illis
686 654 891 719 accidentalis.
936 654 1024 718 Vires
1044 662 1147 719 autem
1169 676 1286 734 ornnes,
1310 652 1409 717 idest

305 783 412 827 omnes
427 761 606 832 substantia
619 765 735 850 primae,
751 764 915 851 exquibus
930 764 1059 829 resultat
1073 787 1154 830 nova
1168 776 1280 830 natura
1294 765 1408 851 genita,

304 872 419 939 habent
434 897 466 940 se
480 875 520 941 ad
533 876 628 957 illam,
644 887 801 963 tamquam
816 877 883 942 eins
897 877 1032 941 materia

348 989 403 1051 48.
428 987 512 1053 Hinc
541 989 689 1075 sequitur,
716 989 754 1056 ad
784 988 1042 1075 complementum
1072 988 1269 1054 theorematis
1297 1010 1409 1073 praece-

307 1096 408 1164 dentis
422 1099 481 1164 hoc
496 1101 663 1166 secundum
680 1101 751 1167 addi
766 1125 875 1192 posse:

352 1211 507 1277 ltunaitua
520 1215 689 1279 acbatantiae
704 1215 739 1278 de
752 1238 810 1279 uno
825 1237 886 1279 ease
899 1214 1032 1280 naturali
1046 1214 1086 1277 ad
1097 1212 1183 1277 aliud
1199 1235 1261 1277 esea
1274 1214 1410 1278 naturate

298 1320 341 1405 fit
348 1325 609 1408 permutationem
620 1325 891 1391 determinationum
902 1326 1124 1391 aeneatorum
1138 1326 1263 1409 stipulis
1270 1327 1411 1410 portibus

304 1435 457 1518 compositi
484 1437 677 1501 deatmentem
700 1439 880 1502 corrditionea
907 1446 1036 1503 motuum
1065 1439 1226 1501 activorum
1251 1459 1287 1501 uc
1308 1440 1409 1520 pueri-
1529 1513 1533 1516 ,

303 1567 405 1610 uorum
418 1553 540 1628 nutura,
557 1570 620 1632 qne
634 1551 842 1634 corrumpitur,
863 1557 892 1613 et
913 1549 1093 1612 induceretem
1109 1570 1200 1612 nouas
1219 1548 1408 1629 cmrditionea,

303 1679 341 1721 en
356 1659 461 1740 quibua
474 1660 600 1725 resultat
613 1682 687 1725 nova
703 1661 751 1725 len
765 1670 894 1726 motuum
909 1662 941 1725 in
954 1668 1063 1724 notura
1074 1662 1185 1744 penita.
1219 1686 1223 1693 ’

350 1768 418 1834 Hoc
434 1770 601 1836 secundum
622 1772 777 1836 theorema
797 1771 902 1837 haberi
917 1780 1021 1856 posset
1035 1779 1072 1834 ut
1087 1770 1147 1835 iarn
1164 1771 1410 1836 demonstratum

303 1901 340 1944 ex
355 1881 546 1964 supradictis,
562 1890 593 1946 et
607 1882 777 1967 praesertim
792 1893 829 1946 ex'
844 1907 876 1947 n.
891 1884 956 1961 46;
979 1905 1062 1961 nam,
1078 1882 1199 1947 sublata
1208 1884 1410 1967 generatione

303 1990 500 2076 peripatetica
514 2015 569 2077 per
579 1993 685 2059 formae
700 1994 910 2059 substantialis
921 1997 1028 2080 primae
1042 1994 1256 2075 mutationem,
1271 1996 1412 2081 seqnitur

303 2104 530 2188 generationem
544 2106 610 2170 lieri
624 2128 680 2192 per
699 2107 902 2171 mutationem
920 2107 1026 2171 lormae
1043 2105 1246 2170 accidentalis.
1293 2107 1409 2172 Tamen

303 2239 322 2279 o
330 2217 431 2300 priori
444 2216 603 2282 efficaciter
622 2226 653 2282 et
672 2218 804 2283 breviter
824 2217 1027 2283 demonstrari
1044 2225 1145 2301 potest
1165 2217 1270 2282 eadem
1287 2219 1408 2285 veritas.

304 2327 396 2407 Nam,
413 2326 439 2392 si
454 2351 545 2393 causa
566 2329 715 2394 naturalis
733 2329 866 2394 efficiens
886 2328 1115 2413 generationem
1135 2350 1199 2391 non
1220 2337 1323 2412 potest
1337 2353 1408 2415 pro·

303 2439 423 2521 ducere,
439 2440 499 2505 nisi
514 2440 782 2507 determinationes
798 2440 998 2506 accidentales
1018 2440 1154 2505 localiter
1173 2441 1334 2521 movendo,
1351 2465 1409 2507 neo

302 2550 467 2634 destruere,
482 2553 543 2618 nisi
564 2553 637 2618 alias
657 2553 926 2619 determinationes
941 2552 1151 2632 accidentales,
1171 2552 1335 2618 dicendum
1351 2564 1409 2634 est,

302 2660 442 2743 formam,
473 2685 542 2748 quae
571 2663 777 2748 corrumpitur
801 2663 835 2726 in
858 2663 1065 2747 generatione,
1088 2686 1154 2728 esse
1176 2663 1408 2743 accidentalem,

303 2772 381 2838 sicut
403 2782 435 2838 et
456 2775 564 2855 forma,
580 2797 649 2860 quae
670 2775 887 2839 introducitur.
930 2775 1030 2860 Atqui
1052 2798 1143 2840 cansa
1162 2775 1295 2841 efficiens
1314 2799 1408 2861 gene-

302 2884 429 2950 rationis
452 2907 515 2949 non
541 2894 643 2970 potest
672 2886 850 2972 producere,
877 2888 937 2950 nisi
963 2887 1232 2952 determinationes
1256 2888 1409 2953 musmodi

302 2996 511 3078 accidentales,
541 3020 597 3062 nec
623 2997 788 3078 destruere,
818 2999 879 3063 nisi
903 2999 1172 3064 determinationes
1195 2999 1407 3065 accidentales.

301 3107 385 3192 Ergo
406 3109 600 3174 accidentalis
622 3119 668 3175 est
689 3111 798 3191 forma,
825 3132 894 3195 quae
916 3110 1132 3195 corrumpitur,
1156 3119 1188 3175 et
1213 3133 1283 3196 quae
1308 3112 1407 3176 intro-

301 3219 424 3284 ducitur
439 3220 471 3283 in
486 3219 682 3304 generatione
696 3244 799 3286 rerum
815 3221 1013 3287 naturalium.

345 3331 385 3395 In
414 3332 471 3397 hoc
500 3341 683 3418 argumento
709 3334 805 3398 maior
833 3340 880 3396 est
903 3332 1045 3409 evidena3
1075 3333 1148 3416 qnia
1168 3335 1277 3418 nequit
1302 3336 1410 3400 haberi

300 3439 426 3508 effectus
455 3441 551 3508 maior
580 3466 635 3508 aua
660 3466 760 3522 causa,
791 3449 822 3506 et
851 3441 924 3526 quia
953 3462 1043 3506 causa
1071 3442 1189 3506 habens
1218 3444 1315 3509 solam
1344 3448 1407 3511 vini
1515 3503 1518 3507 ,

301 3553 443 3619 movendi
457 3555 592 3621 localiter
606 3555 713 3641 nequit
727 3554 903 3640 producere,
918 3553 978 3617 nisi
998 3562 1117 3617 motum
1137 3555 1274 3639 localem,
1289 3566 1322 3622 et
1337 3582 1408 3644 qnae

301 3675 426 3732 amotu
449 3667 537 3732 locali
562 3668 737 3734 derivantur
760 3677 792 3731 et
817 3672 1057 3750 consequuntur.
1102 3665 1210 3731 Minor
1232 3677 1337 3734 autem
1360 3682 1408 3737 eat

299 3786 382 3843 certa
403 3801 439 3843 ex
460 3778 595 3864 physica.
641 3779 723 3843 Nam
745 3777 904 3861 proprium
927 3783 974 3839 est
996 3798 1095 3840 eausae
1116 3779 1266 3843 naturalis
1285 3803 1408 3848 movere

299 3888 444 3969 localiter,
467 3890 515 3956 vel
532 3889 723 3968 attrahendo,
742 3888 790 3952 vel
808 3886 991 3971 repellendo,
1008 3897 1038 3950 et
1058 3888 1124 3951 haec
1138 3889 1229 3954 unica
1244 3895 1408 3962 causalitas

300 3985 433 4066 efficiens
447 4002 583 4066 continet
598 4001 656 4066 snb
677 4022 709 4064 se
729 4021 836 4063 omnes
859 3998 1045 4063 causalitatis
1066 3999 1181 4084 species
1201 4001 1407 4088 subalternas,

299 4135 367 4197 quae
389 4135 495 4178 omnes
517 4112 556 4177 ad
578 4112 662 4176 illam
683 4110 883 4190 reducuntur,
903 4109 1051 4194 quamdin
1073 4132 1136 4174 non
1158 4112 1263 4197 agitur
1284 4117 1346 4181 nisi
1368 4118 1408 4184 de

298 4225 397 4288 causis
419 4224 634 4289 materialibus.
682 4222 732 4286 Sic
754 4222 916 4286 causalitas
938 4221 1055 4301 caloris,
1078 4221 1167 4304 lucis,
1188 4226 1406 4311 electrioitatis,

298 4335 454 4400 affinitatis
476 4333 621 4415 chimiooe,
637 4342 696 4400 etc.
720 4343 898 4397 exercentur
919 4354 974 4416 per
995 4343 1114 4397 motum
1134 4335 1282 4418 localem3
1305 4339 1350 4406 ita
1370 4353 1407 4407 ut
