3200 4984
296 372 363 437 224
601 394 644 439 nr
661 394 861 441 sussmurra
877 390 1061 441 corrosas.
1242 372 1328 460 [cnr.
1344 398 1397 442 111.

298 561 465 645 velocitate,
480 565 604 651 quaudo
627 567 817 633 moleculae
838 577 870 632 et
884 570 913 649 b,
929 568 1098 633 secundum
1122 590 1198 653 quas
1221 567 1279 632 sibi
1299 570 1402 654 primo

298 684 472 756 occurrunt,
499 686 590 741 erunt
613 678 699 743 valde
724 680 878 765 proxima,
904 679 983 744 vires
1007 700 1111 743 earum
1137 677 1306 764 repulsivae,
1332 701 1402 763 quae

299 780 432 851 formant
447 810 550 852 aarum
565 788 768 870 involucrum,
783 798 891 874 utpote
905 796 1113 874 repugnantes
1127 789 1292 866 contactui,
1304 798 1398 873 agent

299 905 386 963 tanto
418 898 580 979 intensius,
607 910 723 987 quanto
752 912 844 966 erunt
868 901 1042 988 propiores,
1076 902 1151 965 fient
1177 909 1281 965 autem
1304 910 1393 965 tanto

298 1010 465 1095 propiores,
493 1022 609 1097 quanto
638 1014 737 1078 maior
766 1024 813 1079 est
842 1014 985 1079 velocitas
1014 1013 1099 1098 globi
1121 1016 1152 1077 A
1179 1013 1397 1098 impingentis:

299 1130 330 1187 et
357 1123 400 1187 sic
424 1124 571 1189 molecula
594 1148 612 1187 u
635 1125 807 1189 retardatur
831 1125 864 1190 in
894 1148 950 1189 suo
979 1134 1066 1190 motu
1095 1133 1220 1211 propter
1248 1126 1397 1189 actionem

298 1235 481 1320 repulsivam
510 1236 665 1302 moleculae
694 1238 711 1301 b
722 1264 732 1317 ς
755 1246 786 1302 et
812 1236 960 1301 molecula
982 1239 1001 1300 b
1025 1236 1126 1301 tendit
1151 1236 1191 1300 ad
1215 1236 1396 1322 fugiendum

298 1356 423 1434 propter
437 1348 587 1413 actionem
602 1348 784 1433 repulsivam
800 1348 957 1415 moleculae
973 1372 1002 1413 a.
1047 1348 1224 1414 Retardatio
1244 1347 1398 1412 moleculae

298 1482 328 1539 a,
343 1468 374 1523 et
396 1459 554 1524 tendentia
576 1460 732 1545 adingam
754 1460 911 1526 moleculae
925 1461 952 1540 b,
966 1469 1014 1526 est
1027 1460 1151 1525 initium
1166 1460 1398 1544 compressionis

298 1578 414 1635 mutuae
442 1571 616 1655 globorum.
677 1572 738 1637 Sed
766 1573 839 1659 quia
864 1573 1047 1659 compressio
1075 1580 1202 1657 poneret
1235 1571 1398 1636 moleculae

297 1683 503 1769 proximiores,
527 1707 620 1769 quam
649 1706 753 1750 earum
783 1693 893 1763 status,
917 1695 948 1749 et
974 1683 1178 1769 aequilibrium
1203 1683 1342 1747 naturale
1365 1687 1396 1747 in

296 1804 427 1881 utroque
449 1795 540 1880 globo
563 1796 707 1881 patiatur,
722 1797 830 1881 incipit
853 1796 956 1861 statim
978 1797 1090 1861 reactio
1111 1796 1192 1860 inter
1213 1797 1241 1874 d,
1257 1792 1293 1874 d',
1309 1797 1345 1858 bt
1367 1804 1396 1859 et

298 1906 437 1973 similiter
451 1909 531 1972 inter
546 1932 574 1986 a,
584 1909 621 1988 α’,
637 1909 681 1985 a'',
697 1909 735 1974 ad
750 1909 928 1974 distantiam
944 1908 1079 1974 debitam
1093 1907 1345 1973 restaurandam:
1366 1916 1397 1972 et

299 2019 342 2084 sic
356 2019 383 2083 α’
396 2042 451 2105 per
465 2019 670 2105 repulsionem
691 2020 806 2085 recedit
828 2044 847 2085 a
868 2020 964 2085 nimia
983 2020 1213 2105 propinquitate
1233 2041 1304 2084 cum
1322 2042 1342 2083 a
1366 2028 1397 2083 et

297 2141 389 2216 urget
412 2133 447 2196 a''
471 2155 526 2196 sua
549 2132 730 2217 repulsione,
747 2141 778 2197 et
803 2129 838 2196 al
863 2142 954 2218 urget
976 2133 1077 2213 ubam,
1103 2141 1162 2197 etc.
1207 2130 1397 2196 Similiterb'

297 2244 417 2309 recedet
431 2244 552 2309 animia
565 2244 794 2330 propinquitate
808 2267 879 2310 cum
894 2246 922 2324 b,
934 2253 965 2309 et
978 2244 1101 2330 urgebit
1116 2240 1160 2323 θ’,
1171 2252 1203 2307 et
1216 2243 1282 2309 baec
1296 2243 1398 2324 ubam,

297 2364 356 2421 etc.

343 2468 426 2534 Hinc
447 2478 512 2533 toto
535 2470 736 2554 tempusculo,
752 2492 814 2555 quo
833 2470 924 2535 durat
947 2468 1140 2554 compressio,
1162 2468 1343 2554 producitur
1362 2468 1396 2532 in

297 2583 329 2645 A
344 2581 483 2667 quaedam
505 2582 659 2668 quantitas
681 2591 784 2647 motus
806 2582 958 2647 contraria
979 2581 1138 2647 directioni
1153 2603 1217 2645 suae
1229 2581 1396 2646 velocitatis
1434 2610 1437 2615 ·

297 2694 528 2778 praecxistentis,
541 2706 572 2758 et
586 2695 620 2758 in
634 2696 665 2757 B
679 2694 859 2779 producitur
873 2695 1030 2779 quantitas
1045 2702 1146 2757 motus
1161 2692 1201 2756 ad
1214 2692 1395 2778 fugiendum

296 2806 335 2871 ab
349 2808 391 2870 A.
425 2806 466 2870 Et
481 2806 553 2891 quia
567 2807 753 2891 quantitates
767 2807 838 2871 istae
852 2815 954 2871 motus
969 2804 1110 2870 oriuntur
1125 2828 1161 2869 ex
1175 2805 1281 2869 eadem
1296 2828 1396 2884 causa,

297 2940 351 2981 seu
366 2940 402 2981 ex
416 2918 534 2982 actione
548 2926 666 2997 mutua,
682 2940 774 3003 quam
793 2927 931 2983 exercent
954 2916 1112 2982 moleculae
1128 2917 1243 3002 priores
1265 2916 1395 3006 duorum

296 3050 457 3114 corporum
475 3029 549 3094 alias
568 3030 808 3114 comprimend0‚
823 3030 892 3094 idco
908 3030 1000 3094 etiam
1016 3029 1150 3114 aequales
1163 3039 1266 3092 erunt.
1311 3029 1396 3094 Licet

297 3141 379 3206 enim
389 3144 421 3205 A
436 3150 467 3205 et
481 3144 521 3219 B,
538 3150 643 3227 utpote
658 3142 785 3207 diversae
799 3142 990 3221 substantiae,
1006 3140 1125 3225 possint
1138 3140 1250 3204 babere
1265 3140 1396 3205 diversas

295 3254 374 3318 vires
395 3253 601 3334 moleculares,
616 3277 644 3319 v.
660 3277 705 3339 gr.
721 3257 754 3318 A
768 3254 847 3319 vires
872 3255 1000 3318 maiores
1025 3276 1120 3338 quam
1134 3255 1174 3333 B,
1190 3254 1228 3318 ad
1250 3251 1396 3339 repellen-

297 3365 383 3445 dum,
399 3375 430 3429 ct
447 3366 490 3430 sic
510 3366 608 3451 possit
629 3366 777 3431 molecula
798 3389 817 3430 a
836 3366 936 3450 primo
957 3365 1077 3450 impetu
1095 3386 1219 3429 causare
1232 3366 1395 3450 appropin-

296 3478 473 3563 quationem
487 3478 599 3543 interd
613 3486 644 3544 et
659 3476 684 3543 [ν’
701 3478 856 3558 maiorem,
867 3486 1117 3563 quamcausetur
1131 3499 1150 3541 a
1164 3476 1272 3541 binter
1281 3501 1300 3542 a
1310 3474 1376 3541 eta'
1384 3504 1395 3557 ς

296 3599 400 3656 tamen
430 3589 685 3676 appropinquatio
714 3589 767 3654 illa
789 3589 886 3654 maior
910 3588 1053 3654 excitabit
1076 3588 1168 3653 etiam
1192 3588 1292 3672 magis
1317 3589 1395 3653 vires

297 3710 425 3786 agentes
447 3701 529 3765 inter
552 3698 663 3765 detb‘
686 3700 725 3764 ad
748 3699 966 3764 retardandum
988 3700 1090 3784 ipsum
1116 3722 1225 3784 corpus
1240 3701 1282 3763 A.
1326 3699 1396 3763 Dif-

296 3813 426 3878 ferentia
447 3834 520 3897 ergo
541 3811 627 3877 nulla
642 3812 699 3876 erit
714 3811 783 3891 alia,
798 3811 859 3876 uisi
873 3811 956 3897 quod
971 3812 1137 3875 materiola
1150 3813 1323 3895 compressio
1337 3812 1395 3878 erit

296 3926 392 3990 maior
415 3926 448 3989 in
473 3948 509 3989 eo
532 3944 665 4009 corpore,
686 3923 774 3987 cuius
788 3924 869 3988 vires
893 3923 1054 4007 repulsivae
1078 3930 1151 3986 sunt
1177 3922 1319 4001 minores,
1342 3922 1396 3986 sed

296 4037 457 4103 intensitas
472 4036 598 4101 actionis
613 4035 835 4120 compressivae,
851 4057 906 4099 seu
916 4035 1071 4118 somatis·
1078 4036 1260 4119 compressio,
1276 4056 1311 4097 ac
1325 4056 1395 4118 pro·

297 4150 369 4215 inde
394 4149 506 4214 reactio
528 4149 586 4212 erit
608 4147 714 4211 eadem
736 4147 769 4211 iu
791 4154 931 4233 utroque
978 4146 1041 4211 Res
1055 4154 1176 4210 constat
1189 4145 1394 4231 experientia:

297 4270 328 4326 et
343 4282 473 4325 numero
487 4259 627 4344 sequenti
641 4258 832 4344 probabitur.

341 4371 510 4454 Explicatio
523 4370 590 4434 haec
604 4392 668 4434 non
683 4370 840 4455 supponit,
855 4368 915 4434 nisi
930 4368 1029 4433 inesse
1043 4368 1076 4433 in
1091 4369 1267 4455 corporibus
1277 4371 1309 4433 A
1322 4379 1354 4433 et
1364 4370 1396 4432 B
