3200 4984
216 430 290 474 car.
307 408 377 493 111.]
584 430 627 471 nn
643 430 762 473 narnus
778 429 967 472 couaruurs.
1252 409 1314 471 295

257 599 310 661 55.
334 596 490 673 Quaeritur
515 607 634 681 quarto,
662 599 735 680 quid
756 599 796 661 eit
820 600 915 661 virtus
936 619 1028 660 vocam
1053 598 1132 660 omni
1157 597 1316 660 intrinseca

212 710 443 795 potentialitote.

257 823 449 907 Respondeo,
466 844 531 887 esse
546 822 763 886 virtualitatem
783 830 870 887 aetus
888 822 1044 907 purissimi
1063 832 1094 886 et
1113 821 1237 898 infiniti,
1252 842 1315 905 quo

213 936 299 999 Deus
314 943 370 999 est.
417 934 498 999 Nam
514 935 614 1020 primo
629 935 727 998 virtus
741 957 848 999 carens
863 935 947 998 omni
962 936 1127 998 intrinseca
1140 933 1315 1019 potentiali·

212 1056 275 1111 tate
290 1055 338 1111 cst
351 1046 429 1111 ratio
441 1048 540 1111 omnis
555 1045 809 1131 producibilitatis
824 1046 967 1123 adextra,
979 1045 1086 1125 senid,
1098 1045 1315 1131 propterquod

213 1158 313 1222 omnis
327 1158 424 1222 virtus
438 1158 527 1222 realis
542 1167 589 1222 est
605 1157 774 1243 possibilis:
798 1158 885 1243 atqui
900 1158 970 1222 talis
990 1159 1067 1221 ratio
1084 1166 1131 1221 est
1145 1158 1314 1222 virtualitas

213 1278 300 1334 actus
315 1270 429 1347 divini;
452 1292 535 1353 ergo.
579 1269 682 1333 Maior
696 1278 743 1333 est
758 1269 900 1348 evidens3
922 1280 954 1333 et
968 1270 1069 1334 minor
1082 1280 1220 1346 constat3
1243 1292 1314 1334 nam

213 1381 266 1445 illa
288 1382 408 1447 realitas
430 1383 574 1461 increata,
590 1406 627 1446 ex
649 1405 709 1467 qua
731 1391 778 1446 est
793 1383 893 1446 omnis
915 1382 1144 1467 producibilitas
1166 1381 1205 1446 ad
1219 1392 1314 1460 extra,

213 1503 261 1557 est
270 1502 355 1558 aetus
367 1494 497 1573 divinus,
508 1502 598 1578 prout
608 1493 682 1558 dicit
693 1494 831 1558 ordinem
841 1493 880 1557 ad
891 1504 987 1558 extra:
1001 1494 1086 1578 atqui
1098 1502 1183 1557 actus
1193 1493 1315 1558 divinus

214 1605 288 1670 dicit
303 1606 440 1670 ordinem
456 1606 495 1670 ad
510 1614 594 1670 extra
614 1628 667 1691 per
687 1628 775 1670 suam
795 1606 1024 1684 virtualitatem‚
1040 1605 1206 1669 secundum
1222 1628 1314 1690 quam

185 1735 188 1741 ’
213 1719 383 1783 eminenter
391 1718 528 1783 eontinet
536 1740 659 1783 omnem
668 1726 770 1782 aetum
780 1716 940 1781 creabilem
950 1725 1107 1781 etomnem
1116 1716 1178 1780 vim
1186 1694 1314 1781 activam

214 1829 425 1913 cogitabilem:
449 1851 521 1913 ergo
536 1828 589 1893 illa
605 1828 775 1893 virtualitas
794 1836 841 1892 est
863 1828 941 1891 ratio
961 1829 1157 1892 constitutiva
1171 1829 1316 1913 potentiae

214 1942 343 2005 carentis
366 1940 450 2004 omni
470 1940 635 2004 intrinseca
654 1939 886 2024 potentialitate.
932 1939 1082 2019 Secundo,
1106 1940 1316 2024 concipiantur

214 2051 376 2115 annihilari
385 2051 488 2116 omnia
496 2060 613 2114 ereata:
627 2050 745 2113 deficiet
755 2050 856 2113 omnia
865 2049 962 2113 virtus
971 2050 1194 2133 potentialitate
1203 2051 1314 2115 mixta:

214 2162 277 2241 sad,
302 2171 444 2227 manente
465 2161 534 2226 Deo
557 2162 591 2224 in
614 2184 670 2225 suo
692 2170 773 2239 actu,
796 2169 900 2225 manet
920 2159 1039 2225 reelitas
1060 2161 1123 2240 illa,
1146 2184 1201 2246 per
1222 2181 1314 2247 quam

213 2274 313 2336 omnis
328 2273 386 2336 alia
397 2274 493 2337 virtus
508 2272 661 2356 possibilis
676 2281 740 2336 est:
756 2281 860 2336 manet
872 2272 1011 2337 videlicet
1021 2272 1086 2358 ipse
1097 2280 1183 2337 actus
1194 2273 1316 2338 divinus

213 2386 381 2449 seeundum
403 2393 500 2448 totam
521 2407 607 2449 suam
630 2384 774 2448 virtutem
789 2393 820 2448 et
841 2384 1086 2449 imitabilitatem.
1132 2385 1171 2449 In
1191 2394 1314 2450 tanturn

212 2497 317 2581 igitur,
333 2496 496 2561 destructis
511 2498 666 2576 creaturis,
682 2506 786 2561 manet
800 2497 898 2561 virtus
912 2518 1017 2581 expers
1028 2497 1128 2560 omnis
1142 2497 1316 2563 intrinsecae

212 2609 456 2693 potentialitatis,
470 2609 667 2695 inquantum
683 2619 786 2673 manet
801 2618 888 2673 aetus
903 2609 1024 2673 divinus
1038 2609 1173 2673 fundans
1188 2610 1315 2695 possibi-

213 2721 331 2785 litatem
358 2722 507 2785 virtutum
532 2722 783 2806 participatarnm
808 2743 863 2805 per
886 2744 973 2785 suam
994 2721 1222 2801 virtualitntem,
1245 2746 1316 2807 quae

213 2853 336 2896 omnem
361 2833 505 2897 virtutem
534 2832 776 2918 participabilem
801 2832 834 2896 in
859 2855 891 2896 se
918 2833 1065 2897 continet.
1109 2834 1193 2918 Ergo
1218 2835 1315 2899 virtus

214 2966 319 3008 carens
337 2944 423 3009 omni
441 2944 605 3009 intrinseca
623 2944 847 3029 potentialitate
861 2945 969 3030 nequit
989 2944 1074 3009 aliud
1090 2968 1165 3025 esse,
1181 2946 1241 3009 nisi
1256 2946 1314 3011 vir-

213 3055 337 3119 tualitas
352 3065 438 3119 actus
454 3054 558 3118 divini.
605 3055 682 3121 Haec
697 3055 866 3120 virtualitas
881 3054 994 3120 dicitur
1007 3056 1237 3140 omnipotentia.

261 3168 464 3231 Corollarium.
487 3166 595 3231 Virtus
612 3190 718 3232 carens
735 3168 820 3231 omni
838 3168 1003 3233 intrinseca
1023 3168 1249 3253 potentialitate
1268 3178 1315 3234 est

214 3278 369 3343 evidenter
383 3280 595 3359 immutabilis,
610 3279 741 3359 infinita,
757 3280 906 3359 absolute,
918 3280 1137 3365 independens,
1152 3290 1218 3346 tota
1232 3290 1313 3361 actu,

213 3390 380 3454 formaliter
406 3391 640 3476 simplicissima,
663 3392 834 3457 virtualiter
857 3400 889 3455 et
914 3393 1106 3458 terminative
1129 3394 1314 3479 aequivalens

213 3500 343 3564 infinitis
358 3502 477 3566 actibus
492 3512 523 3565 et
538 3502 685 3586 gradibus
700 3503 823 3568 virtutis
838 3505 1011 3569 causativae.

256 3614 309 3676 56.
334 3612 492 3689 Quaeritur
521 3616 640 3699 quinto,
670 3624 768 3679 utrum
792 3618 987 3701 partictpatio
1012 3619 1131 3681 virtutis
1157 3621 1314 3682 causative

205 3726 304 3808 possit
311 3725 384 3810 ficri
397 3728 460 3789 eine
473 3729 633 3791 mutatione
646 3730 765 3791 virtutis
773 3731 872 3811 primo
884 3731 1101 3813 parliamento.

255 3836 437 3921 Respondeo
452 3838 638 3902 affirmative.
685 3839 765 3903 Nam
782 3839 855 3903 dare
869 3839 921 3903 alii
934 3841 1080 3904 virtutem
1095 3848 1141 3905 est
1156 3864 1264 3925 agere:
1280 3851 1312 3906 at

211 3970 301 4032 agere
315 3970 379 4012 non
394 3950 565 4013 autmutari
573 3976 583 4027 ;
606 3950 802 4015 nummulari
815 3952 953 4036 estpati3
975 3975 1056 4037 ergo.
1103 3952 1205 4029 Quare
1215 3976 1310 4038 quum

211 4060 257 4124 vis
272 4061 372 4147 aliqua
387 4072 516 4141 creatur,
531 4072 618 4127 ectus
633 4062 754 4127 divinus
769 4063 951 4127 terminatur
970 4065 1134 4129 extrinsece
1151 4064 1190 4129 ad
1208 4076 1311 4130 actum

211 4182 357 4253 creatum,
380 4173 434 4258 qui
452 4196 487 4238 eo
508 4177 574 4258 ipso
594 4174 677 4258 quod
696 4183 743 4238 est
763 4183 860 4253 actus,
876 4175 951 4238 dicit
965 4176 1027 4240 vim
1049 4177 1196 4241 activam:
1219 4187 1311 4263 atque

211 4285 278 4350 haec
292 4285 348 4364 vis,
363 4293 401 4349 ut
415 4294 484 4348 actu
494 4285 661 4350 formaliter
676 4286 817 4365 existens,
827 4309 881 4370 per
895 4295 998 4349 actum
1010 4310 1100 4351 suurn
1115 4289 1312 4373 respondebit

212 4398 295 4461 actui
317 4396 430 4475 divino,
453 4405 489 4460 ut
512 4397 682 4461 continenti
704 4397 825 4461 realiter
846 4398 1015 4463 eminenter
1036 4399 1177 4463 eumdem
1197 4409 1311 4465 actum.
