3200 4984
219 420 287 461 cau.
306 399 375 481 nn]
578 420 621 463 un
637 421 755 465 numus
772 422 970 466 courmms
1254 405 1326 466 291·

219 599 354 674 tempore
369 614 394 654 o.
411 594 442 654 2.
488 593 581 657 Prius
596 603 625 657 et
633 596 791 677 posteriue,
804 595 857 673 ait,
866 597 901 663 in
910 603 990 658 motu
1005 595 1183 659 considerari
1190 606 1317 679 possunt

218 702 396 785 dupliciter:
419 727 476 767 uuo
491 705 574 769 nodo
583 714 677 791 proed
691 715 760 771 sont
778 708 831 771 sub
838 708 941 791 fumo
963 709 1094 771 continui
1116 708 1266 781 obsolute3
1289 717 1318 772 et

218 815 270 892 sic,
286 817 478 899 copuosccodo
486 819 575 900 price
590 827 619 882 et
627 821 785 903 posterius,
794 820 883 883 simod
894 820 1091 903 copooscimoo
1105 829 1233 884 motum:
1258 820 1301 883 ol‘

218 926 302 989 modo
323 935 358 990 ot
378 937 446 991 suut
467 929 521 992 sub
532 930 635 1013 jocoso
655 931 791 1009 diiecto,
807 934 839 993 iu
853 939 993 1018 motum
1006 932 1118 995 scilicet
1132 934 1231 996 ocimo
1246 933 1317 996 dicit

213 1040 362 1120 posterius
377 1062 437 1103 esse
451 1040 535 1103 oliod
546 1063 565 1104 o
573 1042 682 1123 priori,
698 1049 726 1104 cl
741 1043 806 1125 ipso
821 1064 882 1105 esee
896 1042 953 1106 duo
972 1049 1002 1105 et
1015 1065 1122 1115 comm
1145 1050 1176 1106 ct
1189 1044 1233 1107 sic
1246 1051 1317 1106 tuo·

212 1172 274 1233 pos
294 1174 353 1215 ooo
375 1160 420 1215 est
441 1162 537 1217 motus
555 1153 695 1231 obsolute,
709 1153 762 1217 sed
781 1162 826 1217 cst
839 1155 930 1236 priua.
949 1161 978 1216 et
991 1155 1142 1237 posterius
1162 1163 1267 1233 motus,
1283 1162 1318 1219 ot

218 1272 371 1327 uomuoto
384 1272 453 1327 sont
468 1312 476 1327 .
494 1312 501 1327 .
520 1313 526 1328 .
545 1313 552 1328 .
569 1265 614 1328 Et
629 1266 697 1328 licet
710 1286 855 1343 nomm,
871 1288 928 1348 quo
942 1288 1134 1345 namucense,
1150 1268 1191 1330 sit
1205 1266 1321 1349 aliquid

219 1374 383 1454 dirmetum,
400 1384 496 1439 tumeo
516 1384 626 1460 teinpus
645 1385 690 1441 est
711 1378 827 1460 aliquid
843 1378 1020 1457 contionum,
1035 1379 1112 1442 sicut
1134 1378 1229 1441 decem
1242 1378 1318 1441 olco

213 1488 310 1568 ponci
330 1495 398 1550 suot
420 1489 572 1565 continuo,
587 1488 655 1553 licet
670 1510 806 1551 commus
820 1488 957 1551 domos
971 1489 1012 1551 eit
1026 1488 1141 1571 aliquid
1152 1489 1317 1551 discretum.

219 1597 281 1661 Sed
295 1598 362 1662 haec
375 1598 479 1663 omnia
494 1598 602 1663 melius
615 1598 829 1684 intelligentur
843 1621 880 1663 ex
900 1600 1037 1665 dicendis
1058 1600 1156 1685 capite
1179 1601 1319 1685 sequenti

220 1710 298 1774 circa
312 1710 416 1775 finem.

662 2041 802 2106 CAPUT
818 2041 881 2106 III.

535 2205 586 2259 DE
605 2205 645 2259 VI
663 2204 812 2260 MOTIVA
829 2204 877 2258 ET
895 2203 1009 2258 uuio.

263 2358 315 2422 51.
340 2356 446 2433 Quum
469 2355 507 2419 ad
528 2355 703 2420 habendum
732 2365 851 2419 motum
874 2377 995 2419 necesse
1018 2356 1058 2419 sit
1083 2356 1227 2419 virtutem
1255 2378 1319 2419 mo-

219 2468 317 2532 ventis
329 2468 422 2553 recipi
433 2468 466 2531 in
478 2466 594 2545 mobili,
610 2467 642 2531 id
654 2477 700 2531 est
715 2478 819 2531 actum
835 2469 969 2553 primum
985 2466 1106 2532 virtutis
1121 2468 1241 2532 motivae
1258 2475 1320 2531 ter-

220 2580 330 2645 minari
355 2580 395 2644 ad
420 2579 542 2658 mobile,
569 2588 703 2663 apparet,
730 2579 875 2643 virtutem
909 2580 1053 2643 motivam
1085 2580 1252 2664 comparari
1282 2579 1321 2643 ad

219 2691 331 2756 mobile
353 2700 483 2770 motum,
511 2689 589 2755 sicut
618 2690 787 2755 virtualitas
813 2691 1028 2755 immensitatis
1057 2699 1251 2775 comparatur
1281 2690 1320 2754 ad

220 2802 378 2868 materiam
395 2802 557 2880 ubicatam‚
570 2812 600 2867 et
613 2802 691 2867 sicut
707 2803 877 2867 virtualitas
888 2804 1066 2867 aeternitatis
1078 2803 1117 2867 ad
1129 2813 1320 2866 momentum

220 2914 299 2978 reale
318 2914 464 2999 temporis
474 2940 483 2993 ;
507 2936 579 2977 nam
599 2912 632 2976 in
652 2913 701 2977 his
722 2914 865 2978 omnibus
882 2914 985 2998 agitur
1006 2913 1044 2977 de
1065 2924 1134 2978 actu
1156 2913 1322 2979 extrinsece

221 3026 395 3089 terminato
439 3025 591 3089 Eumdem
615 3047 688 3109 ergo
707 3025 845 3090 ordinem
862 3026 947 3111 sequi
966 3048 1129 3110 possumus
1147 3026 1266 3110 agendo
1282 3027 1320 3091 de

220 3138 381 3203 vimotiva
403 3146 433 3201 et
456 3147 552 3216 motu,
569 3160 660 3221 quem
679 3138 773 3201 secuti
793 3160 900 3201 sumus
922 3138 1074 3223 loquendo
1099 3138 1136 3201 de
1160 3139 1259 3223 spatio
1290 3149 1320 3202 et

220 3250 296 3329 locu,
312 3261 343 3314 et
358 3250 396 3314 de
411 3249 570 3313 duratione
585 3258 615 3313 et
637 3257 782 3334 tempore.
830 3248 890 3313 Sed
912 3249 970 3314 hoc
985 3250 1078 3314 habet
1100 3250 1228 3334 speciale
1242 3272 1319 3334 prae-

221 3385 291 3425 sens
300 3362 450 3438 tractatio,
463 3359 546 3445 quod
558 3360 591 3423 in
602 3359 714 3424 virtute
730 3361 842 3425 motiva
858 3369 889 3425 et
903 3360 938 3424 in
952 3361 1114 3425 momentis
1131 3369 1233 3424 motus
1247 3384 1320 3425 con·

220 3473 345 3538 siderari
360 3472 449 3537 debet
464 3471 636 3551 intensitas,
651 3494 719 3555 quae
733 3470 820 3536 nulla
830 3481 878 3538 est
891 3472 925 3535 in
939 3470 1164 3537 ubicationibus
1179 3482 1210 3535 et
1221 3493 1318 3555 quan-

220 3586 395 3663 deitatibus,
411 3608 447 3649 eo
462 3583 545 3670 quod
558 3586 609 3648 ooi
623 3593 654 3647 et
669 3586 783 3668 quoodo
804 3585 867 3649 sint
887 3583 1039 3670 simplices
1058 3584 1191 3663 termini,
1214 3593 1320 3648 contra

220 3722 291 3764 vero
316 3706 471 3763 momenta
496 3706 598 3761 motus
624 3719 687 3760 non
714 3707 787 3763 sunt
814 3698 968 3783 simplices
994 3698 1128 3777 termini,
1156 3697 1209 3761 sed
1234 3706 1319 3761 actus

222 3811 352 3875 effectivi
370 3808 578 3873 mutationum
592 3807 730 3888 realium,
745 3808 777 3872 in
793 3808 905 3893 quibus
926 3808 1031 3873 haberi
1050 3816 1152 3893 potest
1174 3809 1272 3893 magis
1290 3819 1321 3873 et

222 3924 333 3990 minus.
379 3924 480 4005 Atque
495 3920 588 3985 huius
603 3919 780 3984 differentiae
795 3921 873 3984 ratio
887 3932 933 3984 est
948 3920 1090 3999 evidem5
1113 3943 1186 3984 uam
1200 3943 1255 4005 per
1268 3923 1321 3985 ubi

221 4042 251 4097 et
265 4044 319 4118 pet
335 4034 450 4117 quoodo
465 4042 602 4096 ereatura
615 4052 678 4095 uon
693 4031 856 4115 participat
870 4031 1019 4095 rationem
1040 4032 1140 4118 spatii,
1155 4055 1212 4097 nec
1226 4034 1318 4097 ratio-

225 4168 297 4209 nem
326 4144 507 4223 durationis,
537 4166 593 4209 neo
615 4144 650 4208 fit
673 4142 838 4207 intrinsece
867 4144 1000 4228 spatium
1024 4144 1249 4230 participatum,
1274 4146 1321 4210 vel

108 4278 110 4281 ·
219 4257 343 4321 duratio
363 4256 560 4341 perticipata3
576 4254 647 4340 quia
661 4256 712 4319 obi
726 4277 789 4319 nou
800 4265 848 4319 est
862 4255 995 4340 spatium
1008 4256 1062 4321 sed
1076 4256 1143 4320 eius
1158 4258 1318 4336 terminus,

221 4380 252 4435 et
268 4369 407 4433 similiter
422 4370 536 4452 quoodo
559 4389 621 4431 nou
644 4375 690 4430 est
712 4366 843 4445 duratio,
863 4368 916 4432 sed
935 4368 1001 4432 eius
1023 4368 1191 4432 terminus:
1215 4379 1320 4433 contra

1090 4498 1112 4541 u
1127 4482 1148 4543 2
