3200 4984
237 370 310 413 ear.
327 352 384 435 11.]
565 375 607 417 na
624 374 829 419 suasranrm
846 376 1028 419 consonus.
1281 362 1343 425 147

233 537 401 621 procedens
416 549 462 605 est
477 549 543 605 tota
565 543 773 626 potentialiter
788 552 872 608 extra
892 544 969 609 illud
992 554 1152 629 punctum,
1164 555 1195 610 et
1210 550 1340 613 exerceri

232 659 332 733 potest
347 652 380 715 iu
392 653 496 717 omnia
511 663 627 738 puncta
641 656 809 720 materialia
824 656 1033 741 designabilia,
1046 657 1099 720 illo
1114 680 1178 722 uno
1192 669 1325 745 excepto.

275 761 407 838 Quando
427 788 502 849 ergo
521 765 674 845 obiicitur,
690 768 871 852 qualitatem
897 790 960 833 non
985 790 1074 853 posse
1099 768 1230 834 diffundi
1256 771 1337 837 ultra

229 873 433 939 substantiam
456 876 496 940 ad
517 899 610 957 quam
632 878 774 962 pertinet,
792 878 968 963 responderi
992 888 1092 964 potest
1116 880 1333 965 distinguendo

229 984 407 1068 qualitatem
430 987 655 1067 accidentalem,
671 997 703 1053 et
725 1011 794 1073 quae
816 999 862 1054 cst
884 989 1039 1075 inspecie
1061 998 1146 1055 actus
1172 992 1219 1074 (ut
1235 1014 1261 1056 v.
1285 1014 1330 1078 gr.

228 1095 338 1180 figura)
360 1099 541 1184 equalitate
562 1100 725 1179 essentiali,
742 1124 796 1165 seu
816 1101 1012 1186 proprietate,
1028 1123 1097 1186 quae
1114 1110 1161 1166 est
1180 1102 1212 1166 iu
1233 1105 1331 1187 specie

228 1208 392 1290 potentiae:
415 1219 447 1273 et
461 1211 628 1295 propositio
642 1211 760 1276 obiecta
774 1213 941 1277 conceditur
963 1212 1000 1276 de
1023 1213 1130 1297 prima,
1146 1224 1270 1298 nepotcr
1292 1215 1330 1281 de

228 1320 369 1383 secunda.
416 1320 603 1386 Conceditur
628 1321 666 1387 de
691 1323 848 1408 qualitate,
864 1346 932 1408 quoe
952 1331 999 1387 est
1019 1346 1073 1408 per
1096 1325 1221 1389 niodum
1242 1334 1329 1392 actus

228 1429 365 1515 physici3
387 1434 461 1517 quia
474 1443 561 1499 actus
574 1434 720 1519 physicus
734 1444 781 1499 est
795 1435 918 1519 proprie
932 1457 1006 1514 ens3
1029 1445 1061 1499 ct
1075 1435 1153 1514 ideo,
1166 1437 1192 1499 si
1207 1448 1329 1503 nonest

227 1542 260 1605 in
271 1565 313 1622 se,
324 1542 414 1608 debet
429 1568 495 1609 esse
506 1554 577 1609 actu
588 1555 619 1609 et
630 1545 751 1610 realiter
760 1546 794 1610 in
804 1546 881 1609 alio:
905 1546 1327 1632 negaturverodequalitatc,

227 1676 295 1737 quae
309 1664 355 1720 est
370 1678 424 1741 per
439 1658 564 1722 modum
580 1658 734 1743 potentiae,
746 1657 818 1743 quia
834 1656 970 1741 potentia
984 1679 1047 1721 non
1063 1668 1110 1721 est
1126 1659 1247 1743 proprie
1261 1681 1326 1741 ens,

227 1766 281 1830 sed
302 1769 440 1852 potentia
454 1770 544 1848 eutis,
565 1778 596 1833 et
619 1769 696 1849 ideo,
712 1770 770 1833 etsi
790 1791 854 1833 uon
875 1768 963 1833 sitin
978 1791 1020 1847 se,
1038 1790 1101 1834 non
1120 1769 1239 1855 indiget
1261 1794 1327 1837 esse

226 1880 394 1959 actualiter,
424 1882 479 1945 sed
505 1891 628 1946 tantum
651 1883 859 1965 potentialiter
895 1881 928 1945 in
965 1880 1034 1947 alio.
1095 1880 1228 1958 Quando
1258 1906 1327 1948 vero

226 1993 362 2075 potentia
381 1992 446 2057 haec
465 2003 615 2074 aetuatur,
630 1994 674 2058 ibi
691 2001 840 2071 aetuatur,
856 1992 911 2057 ubi
931 2000 978 2057 est
1000 1992 1065 2057 eius
1083 2002 1168 2059 actus
1177 2020 1187 2073 3
1210 1995 1328 2079 etquis

224 2104 290 2167 eius
312 2114 399 2169 actus
418 2114 493 2171 tunc
508 2115 555 2169 est
574 2106 607 2169 in
622 2127 657 2169 eo
671 2106 732 2183 ubi,
747 2105 780 2168 in
804 2126 865 2189 quo
885 2104 1023 2189 potentia
1044 2104 1215 2189 applicatur
1237 2106 1327 2171 alicui

225 2218 368 2296 materiae,
383 2218 521 2302 potentia
535 2226 655 2282 actuata
669 2216 713 2281 ibi
728 2226 784 2296 est,
799 2215 855 2280 ubi
870 2215 963 2279 babet
978 2215 1130 2279 effectum.

267 2330 309 2393 Et
330 2328 387 2393 boc
413 2328 543 2392 ulterius
569 2328 711 2391 declarari
737 2335 839 2411 potest
865 2348 900 2390 ex
921 2326 1163 2391 consideratione
1181 2328 1326 2411 potentiae

223 2439 359 2522 passivae,
375 2463 444 2525 quae
466 2451 513 2504 est
536 2441 569 2505 in
590 2439 723 2503 materiae
745 2438 906 2501 elemento.
955 2438 1034 2500 Nam
1058 2438 1137 2502 sicut
1154 2440 1253 2503 forma
1273 2440 1325 2504 dat

223 2574 289 2615 esse
307 2552 449 2629 materiae,
464 2552 497 2616 id
516 2560 564 2616 est
584 2550 731 2636 potentiae
749 2550 884 2633 passivae,
901 2571 969 2633 quae
989 2556 1035 2612 est
1055 2548 1087 2613 in
1108 2550 1269 2629 elemento,
1284 2552 1326 2616 ita

222 2662 327 2728 eadem
353 2665 452 2728 forma
475 2664 547 2727 facit
572 2685 638 2727 esse
664 2660 834 2746 potentiam
857 2660 986 2723 activam
1011 2659 1148 2723 eiusdem
1171 2660 1325 2741 elementi,

223 2775 340 2840 diversa
365 2784 468 2840 tamen
494 2775 631 2840 ratione:
653 2773 686 2837 id
711 2785 758 2837 est
781 2772 908 2856 primam
930 2772 1002 2835 lacit
1019 2794 1085 2836 esse
1103 2780 1138 2835 ut
1159 2773 1326 2837 terminum

222 2888 280 2965 sui,
312 2887 476 2953 secundam
506 2886 623 2950 effundi
652 2895 687 2949 ut
718 2883 941 2949 terminabilem
972 2883 1011 2947 ad
1040 2882 1108 2947 alia.
1153 2884 1222 2948 Iam
1254 2906 1325 2949 vero

222 3001 359 3084 potentia
387 3000 506 3085 passiva
534 2998 669 3063 materia
697 2996 857 3062 constituit
886 2995 1071 3060 clementum
1102 2996 1256 3061 materiale
1291 2998 1324 3061 in

221 3113 358 3197 potentia
377 3112 416 3176 ad
441 3134 532 3175 omne
551 3112 602 3174 abi
618 3132 673 3194 per
690 3118 807 3173 motum
822 3107 940 3192 passive
954 3106 1182 3192 receptibilem:
1205 3118 1325 3192 ergoet

222 3225 358 3309 potentia
385 3224 482 3287 activa
510 3222 695 3286 constituere
724 3228 825 3304 potest
855 3218 1040 3283 elementum
1066 3219 1099 3282 in
1123 3219 1261 3303 potentia
1285 3220 1325 3283 ad

221 3335 437 3418 attingendum
451 3355 542 3397 omne
557 3335 616 3411 ubi,
633 3340 807 3416 peractum
829 3331 924 3395 active
946 3330 1096 3395 movendi.
1141 3328 1323 3396 Differentia

220 3455 285 3509 tota
309 3455 358 3509 est
382 3446 415 3509 in
440 3445 509 3522 hoc,
525 3443 608 3528 quod
630 3442 766 3527 potentia
792 3442 911 3526 passiva
934 3441 973 3505 ad
996 3463 1087 3506 omne
1110 3443 1170 3523 abi,
1186 3466 1254 3528 quaa
1277 3454 1323 3509 cst

221 3558 343 3642 propria
371 3557 514 3633 materiae,
538 3567 584 3618 cst
614 3556 647 3617 in
677 3577 708 3617 se
738 3554 924 3632 indifferens,
945 3564 976 3617 et
1007 3554 1202 3619 determinari
1232 3554 1322 3620 debet

219 3670 383 3734 efficienter
405 3668 443 3732 ab
465 3667 651 3731 extrinseco:
675 3666 812 3749 potentia
833 3688 904 3728 vero
927 3665 1023 3727 activa
1045 3664 1084 3727 ad
1106 3665 1321 3749 attingendum

219 3781 379 3860 omneabi,
389 3802 457 3865 quae
471 3788 517 3843 est
532 3777 777 3863 proprialornrae,
788 3798 851 3841 non
863 3784 910 3839 est
925 3776 958 3838 in
974 3798 1006 3838 se
1021 3774 1207 3852 indifferens,
1219 3776 1272 3839 sed
1288 3777 1320 3841 in

220 3916 252 3958 sc
267 3892 479 3970 determinata,
493 3898 524 3953 et
539 3889 583 3953 sic
597 3910 660 3953 non
674 3888 793 3972 indiget
809 3888 846 3952 ab
862 3887 921 3952 alio
936 3886 1100 3951 efficienter
1115 3886 1320 3969 determinari,

218 4004 273 4068 sed
294 4003 477 4067 determinat
499 4001 558 4064 alia
579 4000 742 4064 efficienter
763 3998 804 4063 ad
827 4011 945 4063 motum
967 4020 1021 4082 per
1038 3999 1097 4062 att.
1143 3998 1233 4063 Licet
1248 4020 1321 4083 ergo

218 4115 391 4181 substantia
418 4113 562 4177 elementi
591 4111 755 4175 materialis
783 4132 847 4174 non
878 4111 917 4172 sit
947 4110 1007 4173 nisi
1037 4110 1070 4173 in
1094 4110 1185 4173 unico
1205 4120 1321 4195 puncto

218 4226 320 4313 spatii,
329 4235 432 4290 tamen
448 4225 513 4288 eius
529 4224 665 4307 potentia
674 4233 742 4286 tum
758 4222 935 4285 actitatum
951 4219 1069 4305 passiva
1084 4221 1219 4284 extendit
1235 4245 1267 4286 sc
1282 4223 1321 4289 ad

218 4338 376 4425 quodlibet
390 4346 541 4422 puuctum
557 4334 658 4419 spatii.

1091 4462 1110 4503 a
1125 4445 1146 4505 2
