3200 4984
213 392 282 438 ean.
300 373 354 458 1·1.]
578 395 697 442 annon
713 397 944 443 Naronanlnn.
1271 381 1329 442 35·

211 556 246 620 in
271 557 412 641 simplici,
440 559 494 623 sed
519 560 551 624 in
578 562 757 646 composito,
784 562 965 648 etquidem
991 563 1153 647 organico:
1175 573 1206 630 et
1223 564 1314 629 idem

212 667 377 734 dicendum
407 679 454 734 est
483 670 521 735 de
550 671 656 736 formis
685 672 959 738 excellentioribus.
1019 674 1053 739 Si
1081 697 1152 739 vero
1181 685 1314 760 ponatur

212 779 336 865 aliquod
347 782 550 866 compositum
565 805 602 848 ex
615 783 783 864 elementis,
796 786 1006 871 qnod'habeat
1021 788 1135 871 organa
1146 786 1312 866 vitalitatis,

211 893 273 957 iam
290 893 477 979 principiam
492 894 563 959 vitae
583 917 647 959 non
669 896 809 962 adveniet
831 905 867 961 ut
889 897 987 962 forma
1008 898 1084 964 dana
1099 901 1231 983 primam
1253 921 1316 980 csse

212 1005 350 1088 partibus
365 1006 547 1087 coniunctis,
562 1015 599 1070 ut
613 1017 708 1092 patet,
724 1017 755 1072 et
770 1009 1030 1074 demonstrabitur
1047 1010 1146 1095 capite
1163 1011 1312 1096 sequenti,

213 1117 266 1180 sed
280 1117 420 1182 adveniet
438 1127 474 1182 ut
494 1119 592 1183 forma
610 1119 686 1184 dans
695 1123 827 1204 primam
840 1123 942 1185 maere.
987 1121 1030 1184 Et
1047 1121 1090 1186 sic
1106 1130 1211 1186 manet
1229 1121 1315 1207 quod

211 1229 310 1294 forma
325 1229 535 1295 substantialis
553 1233 633 1316 (quae
648 1231 701 1296 dat
716 1232 852 1298 materiae
866 1233 1001 1318 primum
1015 1235 1093 1318 esse)
1106 1256 1171 1298 nou
1185 1233 1314 1298 coniun-

212 1349 303 1426 gatur
325 1363 397 1406 cum
419 1342 479 1406 alia
501 1342 540 1406 ad
563 1342 699 1407 dandum
722 1365 787 1408 esse
810 1343 954 1409 materiae.
1000 1343 1082 1422 Quia
1098 1354 1200 1409 tamen
1216 1345 1314 1409 forma

212 1451 421 1518 substantialis
444 1455 576 1524 sumitur
598 1456 749 1540 aequivoce
771 1454 810 1519 ab
833 1455 1018 1536 auctoribus,
1041 1456 1111 1522 ideo
1130 1457 1189 1522 boc
1214 1457 1315 1540 magis

211 1565 424 1650 explicabitur,
440 1589 511 1648 cum
526 1566 654 1660 tolletur
667 1568 914 1652 aequivocationis
928 1568 1055 1634 occasio.
1093 1570 1187 1634 Nunc
1202 1569 1314 1634 sufficit

211 1685 326 1756 notare,
356 1677 451 1742 vitam
483 1677 617 1742 hominis
651 1679 769 1762 exigere
798 1679 928 1744 formam
958 1690 1087 1746 mentm
1116 1704 1134 1745 a
1162 1682 1230 1746 Deo
1259 1704 1314 1767 per

211 1789 361 1853 actionem
377 1799 575 1874 superantem
589 1800 695 1854 omnes
710 1792 788 1856 vires
799 1802 927 1857 naturae.
960 1794 1075 1858 Anima
1085 1794 1168 1858 enim
1179 1794 1314 1858 hominis

211 1910 257 1964 est
277 1901 452 1966 substantia
470 1925 525 1986 per
543 1903 725 1967 creationem
745 1903 895 1989 iucipiens
917 1928 993 1971 esse.
1037 1905 1125 1970 Idem
1149 1905 1312 1970 dicendum

211 2034 318 2077 censeo
343 2012 381 2076 de
406 2014 508 2078 anima
531 2014 704 2094 brutorum,
726 2024 852 2101 propter
875 1996 1053 2082 facultatem
1077 2018 1314 2102 cognoscitivam

210 2124 396 2213 sensibilem.
441 2125 490 2189 De
509 2126 732 2212 vegetabilibus
750 2149 821 2192 vero
841 2129 937 2194 maior
956 2137 1058 2214 potest
1079 2152 1145 2194 esse
1165 2129 1315 2214 quaestio3

211 2221 264 2300 sed
293 2259 330 2306 ex
360 2237 560 2322 sequentibus
590 2238 759 2322 apparebit,
785 2239 878 2303 etiam
908 2240 1094 2325 principium
1118 2241 1209 2306 vitale
1238 2264 1315 2327 pure

209 2348 414 2433 vegetativum
437 2371 470 2413 se
492 2347 604 2413 habere
626 2349 719 2414 relate
741 2351 780 2415 ad
802 2373 869 2416 esse
887 2353 1021 2416 materiae
1037 2351 1216 2436 vegetabilis
1235 2354 1313 2418 acci-

211 2460 383 2540 dentaliter,
406 2483 470 2524 non
500 2459 754 2540 substantialiter,
782 2484 853 2526 cum
883 2462 1088 2527 declarabitur
1116 2463 1313 2548 aequivocatio

210 2573 411 2637 terminorum
423 2573 578 2658 praedicta.
622 2572 664 2636 Et
680 2573 722 2637 sic
738 2573 959 2653 concludimus,
972 2574 1140 2660 quamlibet
1155 2577 1314 2641 materiam

208 2685 251 2749 ita
266 2707 332 2748 esse
348 2683 405 2748 sub
419 2684 517 2748 forma
535 2684 628 2748 dante
641 2683 687 2747 illi
701 2683 837 2769 primum
854 2707 929 2765 esse,
945 2694 981 2748 nt
1001 2708 1064 2750 non
1082 2686 1189 2771 possit,
1205 2687 1324 2753 saltem

170 2789 173 2792 “
209 2797 399 2875 naturaliter,
425 2797 572 2882 coniungi
602 2804 633 2860 et
662 2819 728 2860 esse
752 2819 823 2860 cum
849 2797 908 2861 alia
932 2799 1031 2862 forma
1056 2799 1148 2863 dante
1177 2799 1314 2866 materiae

209 2909 345 2994 primum
360 2931 435 2972 esse.
1054 2966 1057 2970 ,

253 3023 307 3084 38.
331 3019 488 3096 Quaen'tur
511 3019 684 3099 undecimo,
713 3022 786 3104 qnid
805 3021 971 3106 sipaificeat
992 3023 1168 3103 scholastici,
1196 3025 1311 3108 wando

208 3133 310 3196 dicant
323 3133 476 3195 metaiam
487 3153 548 3194 essa
562 3132 725 3195 cusatilem
735 3133 766 3194 ia
775 3133 872 3195 omnia
880 3153 979 3196 rernm
984 3156 1103 3218 persero,
1116 3142 1145 3198 ct
1159 3135 1311 3198 amiciam

209 3252 345 3328 appetere
359 3243 561 3327 indifferenter
576 3266 673 3306 omues
680 3243 807 3326 fmmas.

253 3352 434 3437 Respondeo
453 3352 647 3419 scholasticos
665 3354 729 3418 haec
748 3353 847 3418 dicere
867 3354 900 3417 in
918 3355 1024 3419 ordine
1042 3356 1081 3420 ad
1100 3357 1310 3442 explicandam

209 3464 436 3549 generationem
447 3485 597 3527 novarum
608 3472 800 3528 naturarum.
831 3464 901 3544 Sed,
914 3467 986 3550 quia
1001 3467 1033 3529 in
1048 3467 1105 3532 hac
1116 3469 1310 3552 generatione

209 3575 387 3662 explicanda
408 3574 524 3660 aliquid
542 3575 654 3638 falsum
673 3585 862 3660 supponunt,
874 3585 917 3641 ut
934 3579 1132 3643 ostendemus
1149 3581 1220 3660 cito,
1240 3582 1310 3646 ideo

208 3687 433 3774 propositiones
456 3687 525 3750 illas
551 3686 589 3750 de
612 3688 746 3752 materiae
765 3688 963 3752 versatilitate
988 3699 1018 3754 et
1043 3691 1247 3758 indifferentia
1270 3695 1311 3758 ad

208 3823 315 3866 omues
329 3799 443 3865 formas
457 3799 550 3862 nimis
565 3798 752 3882 amplificant
767 3810 798 3863 et
813 3800 992 3864 extendunt.
1038 3801 1130 3880 Nam,
1143 3803 1169 3866 si
1185 3805 1310 3870 materia

209 3912 375 3998 accipiatur
402 3910 618 3996 metaphysice,
646 3910 748 3975 idest
780 3933 836 3997 pro
869 3913 995 3976 materia
1027 3912 1128 3978 adhuc
1154 3917 1309 3997 actuabili‚

208 4023 373 4090 ridiculum
382 4032 428 4087 est
436 4023 521 4107 loqui
531 4022 570 4086 de
578 4022 644 4086 eius
652 4023 847 4087 versatilitate
857 4031 887 4088 et
896 4022 1101 4088 indifferentia
1109 4025 1148 4090 ad
1157 4029 1309 4112 quaslibet

209 4137 331 4214 formas,
348 4156 444 4220 qaum
463 4133 590 4198 materia
607 4134 705 4218 prima
722 4155 786 4197 non
806 4143 931 4219 appetat
948 4136 1167 4222 (metaphysica
1184 4139 1308 4220 scilicet,

209 4249 241 4314 id
256 4257 302 4312 est
317 4269 381 4312 non
396 4244 541 4331 postulet)
559 4245 619 4308 nisi
634 4245 768 4330 primum
791 4268 866 4326 esse,
883 4246 964 4332 quod
986 4270 1049 4312 non
1072 4258 1119 4313 est
1140 4251 1307 4317 multarum

213 4362 392 4447 specierum,
409 4358 463 4424 sed
484 4358 578 4422 unius
600 4356 721 4442 speciei.
765 4357 808 4421 Et
829 4358 873 4422 sic
894 4380 957 4423 non
979 4368 1080 4443 potest
1101 4363 1228 4427 materia
1250 4365 1309 4430 dici

1078 4476 1135 4536 n2
