3200 4984
297 364 361 428 108
623 390 665 433 nu
682 391 885 435 sussrsurrs
902 392 1082 435 consonas.
1271 372 1355 455 [ear.
1373 392 1399 434 r.

296 550 347 616 Sic
375 552 455 617 linea
484 554 699 622 mathematica
724 580 786 622 non
813 558 984 643 concipitur
1007 581 1025 622 a
1050 558 1214 643 geometris
1238 566 1400 642 tamquam

294 664 386 729 series
401 664 574 751 aliquorum
589 668 793 734 materialium
809 692 842 734 sc
858 671 1063 755 tangentium,
1079 694 1147 756 quae
1164 670 1315 735 abstracta
1335 670 1400 734 sint

294 777 508 861 acorporibus
531 779 616 862 (nam
634 779 710 844 latet
732 790 903 865 geometras
923 783 1109 847 continuitas
1131 782 1282 847 materiae:
1306 782 1401 846 etsie

294 899 451 973 nequeunt
473 912 510 954 ex
529 890 597 975 ipsa
621 892 748 957 materia
771 893 945 959 abstrahere
965 894 1089 980 aliquod
1107 894 1320 976 continuuml:
1344 893 1399 957 sed

293 1001 464 1086 concipitur
485 1010 644 1087 tamquam
666 1003 786 1089 signata
808 1027 862 1090 per
884 1014 1002 1069 motum
1024 1007 1134 1092 puncti
1155 1006 1342 1070 excurrentis
1365 1006 1398 1069 in

293 1112 410 1197 spatio:
433 1114 487 1198 qui
508 1124 611 1177 motus
629 1137 726 1200 quum
752 1117 791 1180 sit
813 1117 989 1195 continuus,
1005 1118 1085 1183 linea
1103 1140 1225 1203 quoqne
1245 1118 1303 1181 erit
1325 1139 1399 1181 con·

292 1222 389 1288 tinus.
435 1224 582 1289 Similiter
605 1227 778 1311 superficies
793 1250 861 1293 vere
880 1232 1057 1312 peometrico
1072 1252 1135 1293 uon
1149 1228 1267 1293 eruitur
1282 1252 1318 1293 ex
1332 1250 1399 1293 cor-

291 1334 418 1420 poribus
438 1358 492 1421 per
510 1337 756 1419 abstractionem,
771 1340 825 1404 sed
846 1341 1017 1427 coneipitur
1038 1350 1195 1427 tamquam
1216 1341 1321 1426 genita
1343 1364 1400 1426 per

292 1455 412 1511 motum
425 1447 515 1513 lineae
530 1449 946 1516 mathematicaeexcurrentis
955 1451 988 1516 in
998 1453 1107 1537 spatio.
1151 1453 1267 1517 Eadem
1279 1453 1400 1516 ratione

291 1559 434 1624 volumen
446 1560 696 1626 mathematicum
706 1562 752 1627 vel
757 1565 963 1647 yeometrieum
977 1586 1040 1628 non
1056 1564 1227 1650 concipitur
1238 1578 1398 1650 tamquam

289 1671 392 1756 aliqua
406 1674 561 1757 quantitas
576 1674 710 1738 materiae
724 1674 773 1757 (de
787 1698 849 1760 qua
864 1683 1026 1759 geometrae
1039 1698 1103 1739 non
1118 1677 1227 1759 agunt)
1247 1675 1301 1738 sed
1315 1690 1396 1738 tam·

290 1806 383 1868 quam
398 1784 554 1869 quantitas
569 1785 659 1869 spatii
674 1786 800 1865 relativi,
817 1788 849 1849 iu
870 1809 931 1870 quo
952 1788 1080 1850 materia
1102 1787 1221 1869 (utrum
1239 1786 1398 1865 continua,

290 1918 329 1959 an
352 1895 565 1960 continuitatis
586 1918 704 1980 expers,
723 1897 887 1980 geometris
907 1896 1083 1961 indifferens
1103 1898 1161 1981 est)
1185 1896 1324 1962 collocari
1344 1905 1400 1961 aut

290 2008 404 2071 moveri
426 2015 528 2092 potest
554 2008 689 2071 motibus
715 2007 887 2073 coutinuis:
910 2017 941 2073 et
967 2009 1010 2072 sic
1034 2009 1212 2093 concipiunt
1233 2016 1399 2092 geometrae

289 2116 433 2183 volumen
446 2127 604 2205 tamquam
620 2119 760 2202 genitum
782 2129 870 2183 motu
893 2118 1090 2184 revolutionis
1112 2129 1166 2184 aut
1185 2120 1398 2184 translationis

290 2230 458 2315 superficiei
477 2232 680 2316 geometrica.
724 2230 849 2295 Falsum
870 2240 922 2315 est¹
936 2231 1032 2315 igitur
1052 2231 1204 2296 obiectum
1222 2232 1399 2316 geometriae

288 2365 353 2405 esse
368 2365 491 2426 coaptare
506 2343 674 2406 secundum
690 2341 773 2427 quod
788 2342 895 2406 dicunt
911 2344 1114 2427 quantitatem
1129 2343 1276 2407 materiae.

331 2457 384 2518 24.
409 2454 441 2517 Si
456 2477 526 2518 vero
548 2477 567 2517 s
585 2454 808 2518 mathematicis
829 2463 1020 2518 transeamus
1039 2454 1079 2519 ad
1100 2454 1254 2541 physicos,
1277 2478 1325 2518 res
1342 2456 1396 2518 fiet

288 2565 389 2629 adhuc
411 2564 589 2629 evidentior.
635 2565 717 2629 Nam
739 2565 859 2650 physici
881 2587 1041 2649 nunquam
1065 2574 1230 2629 assumunt
1250 2565 1396 2630 volumen

287 2675 505 2760 geometricum
521 2684 678 2759 tamquam
693 2697 898 2762 synonymum
914 2676 1326 2759 cumquantitatemateriae,
1342 2678 1396 2741 sed

287 2796 410 2852 tantum
425 2795 582 2871 tamquam
598 2808 804 2872 synonymum
820 2810 891 2851 cum
907 2788 1079 2872 quantitate
1094 2788 1186 2871 spatii
1204 2788 1394 2852 continentis

287 2898 350 2961 sive
363 2896 435 2981 plus
451 2896 512 2959 sive
528 2896 630 2958 minus
648 2896 791 2961 materiae.
839 2897 923 2961 Hine
947 2897 1140 2963 considerant
1156 2898 1300 2963 volumen
1322 2921 1394 2982 geo-

286 3008 447 3072 metricum
462 3016 618 3091 tamquam
634 3008 783 3071 rationem
806 3009 971 3093 quamdam
986 3008 1175 3073 numericam
1199 3010 1291 3096 spatii
1315 3010 1394 3074 rela-

284 3119 349 3197 tivi,
372 3142 428 3203 per
453 3140 545 3202 quam
569 3117 792 3203 multiplicatur
822 3118 967 3199 densitas,
993 3128 1029 3183 ut
1059 3129 1203 3205 exsurgat
1233 3122 1395 3205 quantitas

284 3233 410 3297 relativa
424 3230 558 3295 materiae
572 3231 605 3293 iu
619 3230 674 3294 tali
689 3231 787 3315 spatio
802 3239 855 3295 aut
870 3230 1023 3296 volumine
1040 3242 1201 3297 contentae.
1246 3234 1395 3298 Deusitas

285 3368 356 3409 vero
370 3346 437 3430 ipsa
450 3367 513 3408 non
528 3344 620 3408 habet
635 3344 783 3407 rationem
799 3343 980 3428 quantitatis
992 3344 1156 3424 continuae,
1169 3346 1223 3409 sed
1235 3346 1394 3425 discretae,
1472 3428 1473 3431 Ἴ

284 3465 481 3542 repraesentat
509 3455 592 3519 enim
621 3456 781 3519 relativum
810 3477 974 3518 numerum
1006 3456 1226 3521 nrolecularum
1252 3467 1306 3522 aut
1333 3460 1394 3522 ele·

285 3576 459 3632 mentorum
481 3565 538 3631 sub
562 3567 634 3630 dato
655 3566 810 3630 volumine
832 3575 1057 3631 contentorum.
1105 3566 1208 3643 Quare
1240 3572 1395 3654 expressio

284 3679 449 3762 designans
471 3677 553 3762 apud
574 3677 717 3763 physicos
740 3678 943 3761 quantitatem
965 3677 1109 3756 materiae,
1130 3700 1184 3741 seu
1206 3703 1326 3759 massae,
1346 3705 1393 3745 re-

283 3797 448 3876 praeseutat
477 3788 680 3873 quantitatem
709 3789 874 3864 discretam,
905 3808 966 3849 uon
1001 3788 1188 3852 continuam.
1245 3790 1279 3858 si
1309 3792 1393 3855 enirn

284 3909 450 3987 poneretur
466 3899 593 3963 materia
615 3898 771 3976 continua,
790 3903 825 3959 ut
848 3895 911 3959 vult
934 3897 1075 3980 scriptor,
1097 3921 1190 3982 quem
1210 3900 1393 3982 refutamus,

283 4036 380 4099 quum
403 4010 590 4076 continuitas
614 4007 828 4071 mathematica
854 4028 916 4070 non
941 4007 1066 4091 recipiat
1097 4011 1196 4093 magis
1226 4020 1257 4075 et
1287 4014 1393 4078 minus

284 4121 460 4207 (ridiculum
475 4121 557 4183 enim
580 4128 659 4183 esset
673 4125 708 4181 ‘et
728 4118 996 4182 contradictorium
1015 4141 1129 4202 ponere
1153 4121 1392 4188 continuitatem

283 4232 529 4297 mathematicam
544 4230 609 4293 fieri
625 4229 723 4312 magis
735 4228 922 4307 continuam,
932 4250 1028 4311 quum
1043 4228 1083 4291 sit
1095 4252 1215 4294 summe
1227 4234 1390 4318 continua)

281 4344 430 4407 exsularet
446 4365 481 4405 eo
496 4342 562 4425 ipso
578 4340 677 4403 omnis
687 4340 846 4403 densitatis
862 4362 937 4403 usus
953 4349 983 4403 et
996 4339 1198 4405 consideratio
1211 4360 1230 4407 a'
1244 4344 1390 4430 physica:
