3200 4984
228 405 300 451 ear.
319 382 358 473 a]
548 405 595 451 mr
612 405 815 451 susarasrra
831 407 1012 455 conionum
1270 390 1330 461 121

227 565 377 650 pinquare
392 572 561 657 nequeunt,
574 565 635 629 nisi
649 565 715 634 eliae
724 575 828 649 partes
843 568 1075 653 propinquiores
1085 568 1191 663 'locum
1202 568 1332 649 cedant;

227 686 259 741 et
272 677 321 742 hae
334 687 494 761 nequeunt
508 677 610 746 locum
630 676 746 757 cedere,
761 678 823 743 nisi
841 701 897 764 per
918 687 1048 759 motum,
1064 702 1126 765 quo
1140 679 1179 745 ad
1199 680 1331 765 aliquem

227 811 342 858 novum
356 788 458 853 locum
473 788 740 873 appropinqueut;
762 789 847 876 quod
861 790 910 855 har
924 792 1210 877 iterumnequeunt
1225 793 1332 873 faeere,

228 900 289 963 nisi
310 898 376 964 aliae
397 907 506 991 par-tes
517 899 751 992 propinquiores
770 923 861 965 suum
887 900 988 968 locum
1014 903 1124 967 cedant
1147 911 1204 968 etc.
1227 904 1260 973 in
1284 904 1330 967 in-

229 1011 362 1075 finitum.
416 1010 458 1073 Et
486 1011 539 1088 sic,
564 1009 665 1095 posita
690 1012 817 1075 mamria
843 1014 999 1092 continua,
1022 1013 1207 1097 possibilitas
1229 1023 1332 1084 motus

228 1122 341 1208 pendet
356 1146 374 1185 a
388 1144 530 1207 processu
544 1122 578 1187 in
592 1122 759 1202 infinitum,
775 1124 840 1187 sine
855 1147 916 1208 quo
931 1146 995 1189 non
1009 1126 1127 1190 tollitur
1140 1126 1332 1200 obstaculum

230 1243 351 1303 motus:
374 1234 458 1319 quod
473 1233 555 1297 idem
575 1242 622 1297 est
638 1233 785 1299 aedicere
801 1236 894 1319 quod,
910 1236 1009 1321 posita
1028 1238 1157 1303 materia
1176 1239 1332 1320 continua,

230 1368 348 1430 semper
376 1356 480 1409 motus
509 1346 644 1409 inveniet
673 1344 865 1411 obstaculum
892 1347 1107 1433 insuperabile.
1161 1349 1249 1415 Idem
1273 1350 1333 1415 dici

228 1468 329 1543 potest
348 1458 386 1521 de
406 1467 493 1521 motu
515 1457 699 1541 elongativo,
715 1466 751 1522 ut
776 1466 871 1541 patet.
915 1460 1009 1543 Erga,
1033 1460 1066 1524 in
1089 1460 1147 1525 hac
1171 1463 1332 1542 sententia,

228 1571 330 1633 omnis
345 1585 448 1633 motus
463 1570 597 1633 materiae
611 1577 658 1632 est
673 1568 881 1654 impossibilis.
925 1570 1010 1655 Ergo
1025 1571 1269 1637 concludendum
1284 1582 1332 1639 ert

229 1682 379 1748 actionem
394 1703 456 1745 non
472 1680 691 1758 communicari
705 1680 738 1744 in
754 1680 872 1745 distans
887 1704 941 1766 per
955 1683 1112 1747 materiam
1128 1685 1316 1749 continuam.

214 1828 236 1839 --
275 1794 355 1857 Sunt
374 1801 405 1856 et
424 1792 490 1857 uliae
510 1791 732 1876 responsiones.
776 1792 818 1856 Et
834 1792 968 1877 quidem,
985 1796 1081 1879 quum
1093 1796 1193 1859 omnis
1208 1798 1333 1862 materia

229 1905 271 1969 sit
294 1906 386 1983 iners,
403 1906 430 1967 si
454 1904 599 1969 distantia
612 1904 694 1967 inter
707 1925 803 1987 agens
827 1912 858 1969 et
877 1926 1002 1988 passum
1023 1907 1063 1969 sit
1084 1906 1175 1991 plena
1200 1908 1332 1972 materiae

229 2018 394 2095 continuae,
417 2016 497 2081 actio
518 2015 581 2092 illa,
604 2037 673 2100 quae
696 2014 790 2081 trahit
812 2037 937 2098 passum
962 2015 1089 2094 distans,
1113 2016 1212 2093 multo
1233 2019 1333 2101 magis

230 2122 331 2193 trahet
346 2138 443 2192 totam
462 2128 622 2191 materiam
641 2125 853 2189 intermediam
869 2135 899 2188 et
922 2126 1138 2191 circumfusam
1148 2154 1158 2205 ;
1181 2151 1241 2191 non
1259 2152 1333 2212 ergo

230 2242 294 2304 baec
309 2248 412 2325 posset
432 2234 538 2303 cedere
556 2237 656 2301 locum
682 2236 830 2315 distanti,
855 2236 909 2301 sed
929 2238 1185 2322 appropinquatio
1208 2238 1332 2304 deberet

231 2352 296 2415 deri
323 2374 377 2436 per
398 2346 719 2434 conipcnetrationem,
741 2370 812 2432 quae
836 2348 868 2410 in
893 2349 1019 2412 materia
1040 2349 1186 2413 continua
1212 2359 1260 2417 est
1279 2351 1334 2414 ab·

230 2463 329 2527 solute
343 2461 550 2546 impossibilis.
953 2462 956 2467 ’

232 2619 236 2623 -
275 2575 373 2639 Item:
405 2573 455 2639 sol.
476 2572 603 2637 attrahit
629 2580 741 2635 terram
765 2580 796 2635 et
826 2571 942 2634 lunam.
1000 2569 1133 2646 Quando
1159 2580 1262 2635 autem
1285 2581 1332 2635 est

231 2687 350 2771 eclipsis
370 2686 497 2764 lunaris,
511 2693 543 2749 et
565 2684 634 2748 ideo
659 2694 739 2747 terra
757 2693 805 2746 est
829 2682 862 2746 in
884 2682 965 2746 linea
984 2691 1066 2746 reeta
1088 2682 1169 2746 inter
1186 2683 1280 2747 solem
1301 2694 1333 2748 et

216 2799 346 2879 duriam,
369 2798 448 2861 actio
470 2796 543 2860 solis
565 2794 599 2858 in
624 2795 729 2878 lunam
751 2794 864 2858 transit
885 2794 971 2878 prius
994 2817 1048 2878 per
1070 2803 1194 2875 terram.
1248 2794 1334 2871 Quid

230 2910 328 2995 crgo?
372 2909 424 2972 An
438 2916 514 2972 tunc
527 2916 608 2971 terra
622 2906 729 2991 recipit
743 2905 890 2969 maiorem
906 2906 966 2969 vim
982 2903 1196 2971 attractivaml
1241 2908 1276 2974 si
1290 2906 1333 2971 ita

228 3032 311 3085 esset
326 3021 432 3085 saltem
448 3041 574 3105 corpora
588 3040 656 3103 quae
673 3025 753 3097 ¹sunt
772 3017 807 3080 in
833 3017 1047 3102 hemisphaerio
1064 3017 1117 3082 ubi
1139 3027 1186 3083 est
1200 3018 1332 3104 eclipsis,

231 3134 338 3205 fierent
361 3132 517 3215 graviora3
541 3129 624 3213 quod
649 3143 696 3192 est
721 3128 843 3191 falsum.
890 3128 959 3208 Sed,
981 3129 1007 3192 si
1031 3138 1111 3193 terra
1136 3152 1200 3193 non
1223 3133 1332 3216 recipit

232 3244 378 3307 maiorem
400 3242 463 3307 vim
484 3240 685 3319 attractivam,
708 3240 818 3324 nequit
839 3242 1049 3305 transmittere
1076 3242 1227 3308 actionem
1259 3244 1333 3308 solis

231 3356 266 3419 in
281 3355 404 3419 lunam:
427 3353 506 3418 actio
521 3353 603 3416 enim
621 3351 686 3416 haec
700 3361 748 3415 cst
767 3352 937 3417 attractiva.
981 3354 1066 3436 Ergo
1082 3355 1161 3418 actio
1182 3356 1254 3420 solis
1268 3379 1331 3420 non

232 3466 452 3531 transmittitur
465 3488 520 3549 per
533 3464 692 3528 materiam
707 3472 795 3527 terrae
802 3490 813 3542 5
837 3473 868 3528 et
890 3465 1062 3547 generatim
1077 3469 1155 3531 actio
1171 3470 1333 3533 materialis

227 3603 290 3644 aon
306 3580 517 3645 transmittitur
524 3600 583 3661 per
596 3577 749 3640 materiam
763 3572 990 3642 interiacentem

274 3692 377 3763 Item:
401 3690 426 3754 si
438 3690 535 3755 virtus
549 3698 638 3753 terrae
648 3688 807 3752 attractiva
821 3688 1064 3752 communicatur
1079 3689 1197 3773 corpori
1212 3690 1333 3754 cadenti

230 3802 386 3867 mediante
401 3806 471 3866 aere
485 3809 540 3866 aut
559 3800 671 3863 aethere
686 3808 753 3880 etc,
770 3798 934 3863 dicendum
950 3807 1007 3878 est,
1022 3799 1105 3882 quod
1127 3800 1160 3862 in
1175 3800 1333 3884 quibusvis

234 3916 358 4001 punctis
379 3913 516 3977 locorum
539 3920 585 3976 est
607 3911 733 3975 materia
754 3910 983 3975 communicans
1005 3917 1125 3971 motum
1147 3912 1275 3993 corpori,
1298 3922 1334 3977 ut

153 4083 158 4089 .
233 4027 331 4115 possit
352 4017 468 4091 cadere.
517 4023 578 4087 Sed
599 4024 625 4087 si
647 4023 692 4087 ita
713 4030 768 4103 cst,
790 4043 903 4106 corpus
924 4028 1012 4085 tanto
1033 4019 1132 4105 magis
1152 4020 1333 4103 movebitur,

227 4138 349 4205 caeteris
368 4135 504 4222 paribus,
520 4143 635 4220 quanto
651 4133 795 4198 maiorem
817 4131 942 4197 habebit
957 4132 1157 4217 superficiem.
1203 4131 1285 4196 Nam
1306 4135 1334 4201 si

230 4250 327 4316 babet
347 4247 537 4333 superficiem
560 4247 653 4310 unius
675 4245 794 4331 pollicis
810 4244 959 4330 quadrati,
975 4243 1099 4328 recipiet
1121 4266 1141 4325 a
1161 4244 1288 4313 materia
1302 4270 1334 4311 se

234 4370 382 4446 tangente
405 4359 711 4426 communicationem
735 4358 857 4421 virtutis
883 4357 915 4420 in
936 4355 1068 4441 quodam
1090 4354 1200 4439 gradu,
1217 4356 1241 4420 si
1260 4380 1334 4423 vcro
