<?xml version="1.0" encoding="UTF-8"?>
<!DOCTYPE html PUBLIC "-//W3C//DTD XHTML 1.0 Transitional//EN"
    "http://www.w3.org/TR/xhtml1/DTD/xhtml1-transitional.dtd">
<html xmlns="http://www.w3.org/1999/xhtml" xml:lang="en" lang="en">
 <head>
  <title>
</title>
<meta http-equiv="Content-Type" content="text/html;charset=utf-8" />
  <meta name='ocr-system' content='tesseract 3.04.00' />
  <meta name='ocr-capabilities' content='ocr_page ocr_carea ocr_par ocr_line ocrx_word'/>
</head>
<body>
  <div class='ocr_page' id='page_1' title='image "./realisphilosoph00baymgoog_0119.png"; bbox 0 0 3200 4984; ppageno 0'>
   <div class='ocr_carea' id='block_1_1' title="bbox 225 380 1328 463">
    <p class='ocr_par' dir='ltr' id='par_1_1' title="bbox 225 380 1328 463">
     <span class='ocr_line' id='line_1_1' title="bbox 225 380 1328 463; baseline 0.014 -23"><span class='ocrx_word' id='word_1_1' title='bbox 225 399 299 448; x_wconf 13' lang='lat' dir='ltr'>teir.</span> <span class='ocrx_word' id='word_1_2' title='bbox 318 380 357 463; x_wconf 90' lang='lat' dir='ltr'>r.]</span> <span class='ocrx_word' id='word_1_3' title='bbox 546 403 589 445; x_wconf 82' lang='lat' dir='ltr'>un</span> <span class='ocrx_word' id='word_1_4' title='bbox 605 403 808 448; x_wconf 73' lang='lat' dir='ltr'>suessanum</span> <span class='ocrx_word' id='word_1_5' title='bbox 823 406 1004 452; x_wconf 74' lang='lat' dir='ltr'>consonus.</span> <span class='ocrx_word' id='word_1_6' title='bbox 1266 392 1328 457; x_wconf 79' lang='lat'>101</span> 
     </span>
    </p>
   </div>
   <div class='ocr_carea' id='block_1_2' title="bbox 221 566 1330 1307">
    <p class='ocr_par' dir='ltr' id='par_1_2' title="bbox 221 566 1330 1307">
     <span class='ocr_line' id='line_1_2' title="bbox 226 566 1330 659; baseline 0.015 -31"><span class='ocrx_word' id='word_1_7' title='bbox 226 566 385 631; x_wconf 87' lang='lat' dir='ltr'>infinitum</span> <span class='ocrx_word' id='word_1_8' title='bbox 407 576 530 635; x_wconf 87' lang='lat' dir='ltr'>tantum</span> <span class='ocrx_word' id='word_1_9' title='bbox 551 570 681 635; x_wconf 83' lang='lat' dir='ltr'>virtuale</span> <span class='ocrx_word' id='word_1_10' title='bbox 701 571 836 637; x_wconf 87' lang='lat' dir='ltr'>fundans</span> <span class='ocrx_word' id='word_1_11' title='bbox 857 582 1039 659; x_wconf 88' lang='lat' dir='ltr'>conceptum</span> <span class='ocrx_word' id='word_1_12' title='bbox 1061 575 1220 642; x_wconf 76' lang='lat' dir='ltr'>divisionis</span> <span class='ocrx_word' id='word_1_13' title='bbox 1236 578 1330 645; x_wconf 89' lang='lat' dir='ltr'>inter·</span> 
     </span>
     <span class='ocr_line' id='line_1_3' title="bbox 226 678 1329 758; baseline 0.015 -18"><span class='ocrx_word' id='word_1_14' title='bbox 226 678 390 743; x_wconf 83' lang='lat' dir='ltr'>miuabilis</span> <span class='ocrx_word' id='word_1_15' title='bbox 436 680 477 744; x_wconf 78' lang='lat' dir='ltr'>Et</span> <span class='ocrx_word' id='word_1_16' title='bbox 492 680 535 745; x_wconf 88' lang='lat' dir='ltr'>sie</span> <span class='ocrx_word' id='word_1_17' title='bbox 550 682 636 747; x_wconf 91' lang='lat' dir='ltr'>nulla</span> <span class='ocrx_word' id='word_1_18' title='bbox 653 692 701 748; x_wconf 89' lang='lat' dir='ltr'>est</span> <span class='ocrx_word' id='word_1_19' title='bbox 718 683 891 751; x_wconf 76' lang='lat' dir='ltr'>absurditas</span> <span class='ocrx_word' id='word_1_20' title='bbox 910 686 944 751; x_wconf 93' lang='lat' dir='ltr'>in</span> <span class='ocrx_word' id='word_1_21' title='bbox 961 696 1049 751; x_wconf 91' lang='lat' dir='ltr'>motu</span> <span class='ocrx_word' id='word_1_22' title='bbox 1067 689 1224 757; x_wconf 88' lang='lat' dir='ltr'>continuo.</span> <span class='ocrx_word' id='word_1_23' title='bbox 1269 691 1329 758; x_wconf 85' lang='lat' dir='ltr'>Sed</span> 
     </span>
     <span class='ocr_line' id='line_1_4' title="bbox 224 788 1329 883; baseline 0.014 -32"><span class='ocrx_word' id='word_1_24' title='bbox 224 788 354 854; x_wconf 91' lang='lat' dir='ltr'>omnino</span> <span class='ocrx_word' id='word_1_25' title='bbox 367 790 426 855; x_wconf 80' lang='lat' dir='ltr'>alia</span> <span class='ocrx_word' id='word_1_26' title='bbox 441 800 487 855; x_wconf 88' lang='lat' dir='ltr'>est</span> <span class='ocrx_word' id='word_1_27' title='bbox 502 793 580 857; x_wconf 87' lang='lat' dir='ltr'>ratio</span> <span class='ocrx_word' id='word_1_28' title='bbox 594 794 734 859; x_wconf 81' lang='lat' dir='ltr'>continui</span> <span class='ocrx_word' id='word_1_29' title='bbox 748 796 924 863; x_wconf 87' lang='lat' dir='ltr'>materialis.</span> <span class='ocrx_word' id='word_1_30' title='bbox 964 798 998 863; x_wconf 86' lang='lat' dir='ltr'>Si</span> <span class='ocrx_word' id='word_1_31' title='bbox 1008 799 1091 863; x_wconf 90' lang='lat' dir='ltr'>euim</span> <span class='ocrx_word' id='word_1_32' title='bbox 1105 798 1164 867; x_wconf 91' lang='lat' dir='ltr'>boc</span> <span class='ocrx_word' id='word_1_33' title='bbox 1177 801 1329 883; x_wconf 80' lang='lat' dir='ltr'>existeret,</span> 
     </span>
     <span class='ocr_line' id='line_1_5' title="bbox 225 900 1327 994; baseline 0.016 -31"><span class='ocrx_word' id='word_1_34' title='bbox 225 900 292 964; x_wconf 89' lang='lat' dir='ltr'>eius</span> <span class='ocrx_word' id='word_1_35' title='bbox 306 911 409 987; x_wconf 92' lang='lat' dir='ltr'>partes</span> <span class='ocrx_word' id='word_1_36' title='bbox 423 926 487 969; x_wconf 91' lang='lat' dir='ltr'>non</span> <span class='ocrx_word' id='word_1_37' title='bbox 501 914 604 970; x_wconf 81' lang='lat' dir='ltr'>essent</span> <span class='ocrx_word' id='word_1_38' title='bbox 623 905 657 969; x_wconf 90' lang='lat' dir='ltr'>in</span> <span class='ocrx_word' id='word_1_39' title='bbox 679 907 836 972; x_wconf 90' lang='lat' dir='ltr'>infinitum</span> <span class='ocrx_word' id='word_1_40' title='bbox 856 908 1033 994; x_wconf 71' lang='lat' dir='ltr'>cogitabiles</span> <span class='ocrx_word' id='word_1_41' title='bbox 1052 920 1183 993; x_wconf 87' lang='lat' dir='ltr'>tantum,</span> <span class='ocrx_word' id='word_1_42' title='bbox 1200 914 1253 979; x_wconf 85' lang='lat' dir='ltr'>sed</span> <span class='ocrx_word' id='word_1_43' title='bbox 1268 914 1327 981; x_wconf 83' lang='lat' dir='ltr'>for·</span> 
     </span>
     <span class='ocr_line' id='line_1_6' title="bbox 226 1016 1330 1113; baseline 0.013 -33"><span class='ocrx_word' id='word_1_44' title='bbox 226 1016 347 1081; x_wconf 87' lang='lat' dir='ltr'>maliter</span> <span class='ocrx_word' id='word_1_45' title='bbox 361 1026 392 1082; x_wconf 87' lang='lat' dir='ltr'>et</span> <span class='ocrx_word' id='word_1_46' title='bbox 407 1018 560 1083; x_wconf 87' lang='lat' dir='ltr'>distinctis</span> <span class='ocrx_word' id='word_1_47' title='bbox 568 1020 689 1084; x_wconf 89' lang='lat' dir='ltr'>actibus</span> <span class='ocrx_word' id='word_1_48' title='bbox 704 1021 737 1084; x_wconf 93' lang='lat' dir='ltr'>in</span> <span class='ocrx_word' id='word_1_49' title='bbox 751 1021 907 1087; x_wconf 88' lang='lat' dir='ltr'>infinitum</span> <span class='ocrx_word' id='word_1_50' title='bbox 920 1023 1083 1090; x_wconf 83' lang='lat' dir='ltr'>existentes</span> <span class='ocrx_word' id='word_1_51' title='bbox 1091 1051 1101 1104; x_wconf 70' lang='grc' dir='ltr'><strong><em>ς</em></strong></span> <span class='ocrx_word' id='word_1_52' title='bbox 1117 1036 1147 1091; x_wconf 90' lang='lat' dir='ltr'>et</span> <span class='ocrx_word' id='word_1_53' title='bbox 1163 1028 1206 1092; x_wconf 91' lang='lat' dir='ltr'>sic</span> <span class='ocrx_word' id='word_1_54' title='bbox 1218 1051 1330 1113; x_wconf 85' lang='lat' dir='ltr'>magna</span> 
     </span>
     <span class='ocr_line' id='line_1_7' title="bbox 221 1129 1329 1223; baseline 0.013 -31"><span class='ocrx_word' id='word_1_55' title='bbox 221 1138 271 1192; x_wconf 90' lang='lat' dir='ltr'>est</span> <span class='ocrx_word' id='word_1_56' title='bbox 286 1129 459 1194; x_wconf 79' lang='lat' dir='ltr'>absurditas</span> <span class='ocrx_word' id='word_1_57' title='bbox 473 1130 506 1194; x_wconf 92' lang='lat' dir='ltr'>in</span> <span class='ocrx_word' id='word_1_58' title='bbox 520 1132 669 1196; x_wconf 91' lang='lat' dir='ltr'>continuo</span> <span class='ocrx_word' id='word_1_59' title='bbox 684 1134 843 1198; x_wconf 83' lang='lat' dir='ltr'>materiali.</span> <span class='ocrx_word' id='word_1_60' title='bbox 881 1135 970 1200; x_wconf 87' lang='lat' dir='ltr'>Patet</span> <span class='ocrx_word' id='word_1_61' title='bbox 982 1158 1057 1221; x_wconf 86' lang='lat' dir='ltr'>ergo</span> <span class='ocrx_word' id='word_1_62' title='bbox 1072 1136 1234 1223; x_wconf 81' lang='lat' dir='ltr'>disparitas</span> <span class='ocrx_word' id='word_1_63' title='bbox 1248 1139 1329 1206; x_wconf 89' lang='lat' dir='ltr'>inter</span> 
     </span>
     <span class='ocr_line' id='line_1_8' title="bbox 225 1242 576 1307; baseline 0.006 -2"><span class='ocrx_word' id='word_1_64' title='bbox 225 1242 383 1306; x_wconf 86' lang='lat' dir='ltr'>materiam</span> <span class='ocrx_word' id='word_1_65' title='bbox 398 1252 431 1307; x_wconf 92' lang='lat' dir='ltr'>et</span> <span class='ocrx_word' id='word_1_66' title='bbox 445 1251 576 1307; x_wconf 91' lang='lat' dir='ltr'>motum.</span> 
     </span>
    </p>
   </div>
   <div class='ocr_carea' id='block_1_3' title="bbox 221 1355 1327 1888">
    <p class='ocr_par' dir='ltr' id='par_1_3' title="bbox 221 1355 1327 1888">
     <span class='ocr_line' id='line_1_9' title="bbox 269 1355 1327 1444; baseline 0.009 -27"><span class='ocrx_word' id='word_1_67' title='bbox 269 1356 321 1418; x_wconf 90' lang='lat'>19.</span> <span class='ocrx_word' id='word_1_68' title='bbox 344 1355 525 1439; x_wconf 76' lang='lat' dir='ltr'>Replicatis.</span> <span class='ocrx_word' id='word_1_69' title='bbox 549 1355 666 1420; x_wconf 86' lang='lat' dir='ltr'>Saltem</span> <span class='ocrx_word' id='word_1_70' title='bbox 680 1355 760 1421; x_wconf 87' lang='lat' dir='ltr'>actio</span> <span class='ocrx_word' id='word_1_71' title='bbox 774 1356 921 1421; x_wconf 88' lang='lat' dir='ltr'>continua</span> <span class='ocrx_word' id='word_1_72' title='bbox 936 1357 981 1423; x_wconf 86' lang='lat' dir='ltr'>ris</span> <span class='ocrx_word' id='word_1_73' title='bbox 995 1358 1192 1444; x_wconf 89' lang='lat' dir='ltr'>producentis</span> <span class='ocrx_word' id='word_1_74' title='bbox 1207 1370 1327 1426; x_wconf 88' lang='lat' dir='ltr'>motum</span> 
     </span>
     <span class='ocr_line' id='line_1_10' title="bbox 222 1465 1327 1554; baseline 0.007 -25"><span class='ocrx_word' id='word_1_75' title='bbox 222 1465 360 1549; x_wconf 83' lang='lat' dir='ltr'>exsurgit</span> <span class='ocrx_word' id='word_1_76' title='bbox 374 1466 596 1531; x_wconf 85' lang='lat' dir='ltr'>exactionibus</span> <span class='ocrx_word' id='word_1_77' title='bbox 610 1467 812 1532; x_wconf 89' lang='lat' dir='ltr'>instantaneis</span> <span class='ocrx_word' id='word_1_78' title='bbox 827 1468 958 1533; x_wconf 87' lang='lat' dir='ltr'>realibus</span> <span class='ocrx_word' id='word_1_79' title='bbox 973 1469 1172 1535; x_wconf 91' lang='lat' dir='ltr'>multitudine</span> <span class='ocrx_word' id='word_1_80' title='bbox 1186 1471 1327 1554; x_wconf 90' lang='lat' dir='ltr'>infinitis,</span> 
     </span>
     <span class='ocr_line' id='line_1_11' title="bbox 222 1577 1325 1669; baseline 0.007 -29"><span class='ocrx_word' id='word_1_81' title='bbox 222 1577 303 1641; x_wconf 87' lang='lat' dir='ltr'>sicut</span> <span class='ocrx_word' id='word_1_82' title='bbox 317 1578 439 1643; x_wconf 89' lang='lat' dir='ltr'>infinita</span> <span class='ocrx_word' id='word_1_83' title='bbox 453 1587 527 1643; x_wconf 87' lang='lat' dir='ltr'>sunt</span> <span class='ocrx_word' id='word_1_84' title='bbox 542 1578 690 1643; x_wconf 88' lang='lat' dir='ltr'>instantia</span> <span class='ocrx_word' id='word_1_85' title='bbox 703 1587 826 1664; x_wconf 90' lang='lat' dir='ltr'>tempus</span> <span class='ocrx_word' id='word_1_86' title='bbox 841 1580 969 1645; x_wconf 86' lang='lat' dir='ltr'>actionis</span> <span class='ocrx_word' id='word_1_87' title='bbox 987 1582 1142 1647; x_wconf 84' lang='lat' dir='ltr'>continuae</span> <span class='ocrx_word' id='word_1_88' title='bbox 1157 1582 1325 1669; x_wconf 87' lang='lat' dir='ltr'>implentia.</span> 
     </span>
     <span class='ocr_line' id='line_1_12' title="bbox 223 1689 1326 1775; baseline 0.007 -22"><span class='ocrx_word' id='word_1_89' title='bbox 223 1689 274 1753; x_wconf 85' lang='lat' dir='ltr'>Sic</span> <span class='ocrx_word' id='word_1_90' title='bbox 290 1689 364 1754; x_wconf 90' lang='lat' dir='ltr'>dum</span> <span class='ocrx_word' id='word_1_91' title='bbox 387 1712 494 1753; x_wconf 82' lang='lat' dir='ltr'>saxum</span> <span class='ocrx_word' id='word_1_92' title='bbox 515 1690 597 1754; x_wconf 88' lang='lat' dir='ltr'>cadit</span> <span class='ocrx_word' id='word_1_93' title='bbox 619 1690 678 1754; x_wconf 88' lang='lat' dir='ltr'>sub</span> <span class='ocrx_word' id='word_1_94' title='bbox 699 1690 819 1755; x_wconf 89' lang='lat' dir='ltr'>actione</span> <span class='ocrx_word' id='word_1_95' title='bbox 842 1691 987 1756; x_wconf 89' lang='lat' dir='ltr'>continua</span> <span class='ocrx_word' id='word_1_96' title='bbox 1006 1700 1106 1774; x_wconf 79' lang='lat' dir='ltr'>terrae,</span> <span class='ocrx_word' id='word_1_97' title='bbox 1127 1693 1207 1759; x_wconf 86' lang='lat' dir='ltr'>actio</span> <span class='ocrx_word' id='word_1_98' title='bbox 1226 1703 1326 1775; x_wconf 81' lang='lat' dir='ltr'>terrae,</span> 
     </span>
     <span class='ocr_line' id='line_1_13' title="bbox 221 1786 1325 1888; baseline 0.008 -26"><span class='ocrx_word' id='word_1_99' title='bbox 221 1820 293 1883; x_wconf 88' lang='lat' dir='ltr'>quae</span> <span class='ocrx_word' id='word_1_100' title='bbox 308 1810 463 1865; x_wconf 85' lang='lat' dir='ltr'>exercetur</span> <span class='ocrx_word' id='word_1_101' title='bbox 482 1801 516 1866; x_wconf 89' lang='lat' dir='ltr'>in</span> <span class='ocrx_word' id='word_1_102' title='bbox 537 1825 601 1866; x_wconf 91' lang='lat' dir='ltr'>uno</span> <span class='ocrx_word' id='word_1_103' title='bbox 620 1801 760 1881; x_wconf 87' lang='lat' dir='ltr'>instanti,</span> <span class='ocrx_word' id='word_1_104' title='bbox 778 1786 983 1888; x_wconf 74' lang='lat' dir='ltr'>distinguitur</span> <span class='ocrx_word' id='word_1_105' title='bbox 1000 1804 1121 1871; x_wconf 85' lang='lat' dir='ltr'>realiter</span> <span class='ocrx_word' id='word_1_106' title='bbox 1143 1805 1181 1871; x_wconf 92' lang='lat' dir='ltr'>ab</span> <span class='ocrx_word' id='word_1_107' title='bbox 1197 1807 1325 1887; x_wconf 86' lang='lat' dir='ltr'>actione,</span> 
     </span>
    </p>
   </div>
   <div class='ocr_carea' id='block_1_4' title="bbox 215 1911 1326 4447">
    <p class='ocr_par' dir='ltr' id='par_1_4' title="bbox 221 1911 1326 2110">
     <span class='ocr_line' id='line_1_14' title="bbox 221 1911 1326 1994; baseline 0.011 -22"><span class='ocrx_word' id='word_1_108' title='bbox 221 1931 294 1993; x_wconf 84' lang='lat' dir='ltr'>quae</span> <span class='ocrx_word' id='word_1_109' title='bbox 322 1921 477 1978; x_wconf 83' lang='lat' dir='ltr'>exercetur</span> <span class='ocrx_word' id='word_1_110' title='bbox 498 1911 532 1976; x_wconf 90' lang='lat' dir='ltr'>iu</span> <span class='ocrx_word' id='word_1_111' title='bbox 555 1912 615 1979; x_wconf 92' lang='lat' dir='ltr'>alio</span> <span class='ocrx_word' id='word_1_112' title='bbox 640 1912 788 1994; x_wconf 80' lang='lat' dir='ltr'>instanti3</span> <span class='ocrx_word' id='word_1_113' title='bbox 817 1914 915 1979; x_wconf 79' lang='lat' dir='ltr'>etsie</span> <span class='ocrx_word' id='word_1_114' title='bbox 940 1914 1010 1983; x_wconf 87' lang='lat' dir='ltr'>istae</span> <span class='ocrx_word' id='word_1_115' title='bbox 1034 1917 1168 1983; x_wconf 83' lang='lat' dir='ltr'>actiones</span> <span class='ocrx_word' id='word_1_116' title='bbox 1190 1918 1326 1984; x_wconf 85' lang='lat' dir='ltr'>efficiunt</span> 
     </span>
     <span class='ocr_line' id='line_1_15' title="bbox 221 2019 1020 2110; baseline 0.01 -27"><span class='ocrx_word' id='word_1_117' title='bbox 221 2019 452 2087; x_wconf 85' lang='lat' dir='ltr'>multitudinem</span> <span class='ocrx_word' id='word_1_118' title='bbox 466 2023 587 2090; x_wconf 85' lang='lat' dir='ltr'>realem.</span> <span class='ocrx_word' id='word_1_119' title='bbox 632 2024 717 2110; x_wconf 74' lang='lat' dir='ltr'>Ergo</span> <span class='ocrx_word' id='word_1_120' title='bbox 730 2034 834 2090; x_wconf 89' lang='lat' dir='ltr'>manet</span> <span class='ocrx_word' id='word_1_121' title='bbox 848 2025 1020 2091; x_wconf 86' lang='lat' dir='ltr'>difficultas.</span> 
     </span>
    </p>

    <p class='ocr_par' dir='ltr' id='par_1_5' title="bbox 215 2134 1325 4447">
     <span class='ocr_line' id='line_1_16' title="bbox 265 2134 1324 2220; baseline 0.008 -22"><span class='ocrx_word' id='word_1_122' title='bbox 265 2134 359 2219; x_wconf 87' lang='lat' dir='ltr'>Resp.</span> <span class='ocrx_word' id='word_1_123' title='bbox 383 2138 452 2201; x_wconf 83' lang='lat' dir='ltr'>dist.</span> <span class='ocrx_word' id='word_1_124' title='bbox 474 2145 538 2201; x_wconf 83' lang='lat' dir='ltr'>ant.</span> <span class='ocrx_word' id='word_1_125' title='bbox 563 2136 700 2220; x_wconf 84' lang='lat' dir='ltr'>exsurgit</span> <span class='ocrx_word' id='word_1_126' title='bbox 726 2160 762 2203; x_wconf 86' lang='lat' dir='ltr'>ex</span> <span class='ocrx_word' id='word_1_127' title='bbox 787 2137 988 2203; x_wconf 90' lang='lat' dir='ltr'>multitudine</span> <span class='ocrx_word' id='word_1_128' title='bbox 1014 2138 1137 2204; x_wconf 86' lang='lat' dir='ltr'>virtuali</span> <span class='ocrx_word' id='word_1_129' title='bbox 1158 2162 1239 2205; x_wconf 81' lang='lat' dir='ltr'>coac.</span> <span class='ocrx_word' id='word_1_130' title='bbox 1261 2150 1324 2207; x_wconf 85' lang='lat' dir='ltr'>cut.</span> 
     </span>
     <span class='ocr_line' id='line_1_17' title="bbox 220 2246 1325 2335; baseline 0.005 -25"><span class='ocrx_word' id='word_1_131' title='bbox 220 2246 358 2331; x_wconf 82' lang='lat' dir='ltr'>exsurgit</span> <span class='ocrx_word' id='word_1_132' title='bbox 373 2269 409 2311; x_wconf 86' lang='lat' dir='ltr'>ex</span> <span class='ocrx_word' id='word_1_133' title='bbox 423 2247 622 2313; x_wconf 88' lang='lat' dir='ltr'>multitudine</span> <span class='ocrx_word' id='word_1_134' title='bbox 636 2247 766 2328; x_wconf 82' lang='lat' dir='ltr'>formali,</span> <span class='ocrx_word' id='word_1_135' title='bbox 781 2257 836 2313; x_wconf 91' lang='lat' dir='ltr'>aut</span> <span class='ocrx_word' id='word_1_136' title='bbox 850 2270 906 2335; x_wconf 92' lang='lat' dir='ltr'>per</span> <span class='ocrx_word' id='word_1_137' title='bbox 923 2250 1175 2334; x_wconf 88' lang='lat' dir='ltr'>compositionem</span> <span class='ocrx_word' id='word_1_138' title='bbox 1190 2249 1325 2335; x_wconf 90' lang='lat' dir='ltr'>aliquam</span> 
     </span>
     <span class='ocr_line' id='line_1_18' title="bbox 221 2358 1325 2446; baseline 0.004 -23"><span class='ocrx_word' id='word_1_139' title='bbox 221 2358 332 2423; x_wconf 88' lang='lat' dir='ltr'>realem</span> <span class='ocrx_word' id='word_1_140' title='bbox 351 2383 382 2423; x_wconf 81' lang='lat' dir='ltr'>u.</span> <span class='ocrx_word' id='word_1_141' title='bbox 401 2367 464 2424; x_wconf 83' lang='lat' dir='ltr'>ant.</span> <span class='ocrx_word' id='word_1_142' title='bbox 486 2359 755 2444; x_wconf 89' lang='lat' dir='ltr'>adprobationem</span> <span class='ocrx_word' id='word_1_143' title='bbox 776 2361 844 2424; x_wconf 78' lang='lat' dir='ltr'>dist.</span> <span class='ocrx_word' id='word_1_144' title='bbox 865 2368 929 2425; x_wconf 83' lang='lat' dir='ltr'>aut.</span> <span class='ocrx_word' id='word_1_145' title='bbox 949 2382 1013 2425; x_wconf 91' lang='lat' dir='ltr'>una</span> <span class='ocrx_word' id='word_1_146' title='bbox 1027 2360 1106 2425; x_wconf 86' lang='lat' dir='ltr'>actio</span> <span class='ocrx_word' id='word_1_147' title='bbox 1122 2360 1325 2446; x_wconf 88' lang='lat' dir='ltr'>distinguitur</span> 
     </span>
     <span class='ocr_line' id='line_1_19' title="bbox 220 2470 1324 2537; baseline 0.004 -4"><span class='ocrx_word' id='word_1_148' title='bbox 220 2470 341 2535; x_wconf 89' lang='lat' dir='ltr'>realiter</span> <span class='ocrx_word' id='word_1_149' title='bbox 355 2471 393 2535; x_wconf 91' lang='lat' dir='ltr'>ab</span> <span class='ocrx_word' id='word_1_150' title='bbox 408 2471 468 2535; x_wconf 91' lang='lat' dir='ltr'>alia</span> <span class='ocrx_word' id='word_1_151' title='bbox 478 2470 646 2536; x_wconf 90' lang='lat' dir='ltr'>secundum</span> <span class='ocrx_word' id='word_1_152' title='bbox 657 2471 836 2536; x_wconf 90' lang='lat' dir='ltr'>relationem</span> <span class='ocrx_word' id='word_1_153' title='bbox 848 2471 1047 2536; x_wconf 87' lang='lat' dir='ltr'>extrinsecam</span> <span class='ocrx_word' id='word_1_154' title='bbox 1056 2480 1088 2537; x_wconf 90' lang='lat' dir='ltr'>et</span> <span class='ocrx_word' id='word_1_155' title='bbox 1103 2472 1324 2537; x_wconf 79' lang='lat' dir='ltr'>successionem</span> 
     </span>
     <span class='ocr_line' id='line_1_20' title="bbox 220 2581 1325 2667; baseline 0.002 -21"><span class='ocrx_word' id='word_1_156' title='bbox 220 2584 366 2667; x_wconf 91' lang='lat' dir='ltr'>temporis</span> <span class='ocrx_word' id='word_1_157' title='bbox 379 2606 459 2648; x_wconf 82' lang='lat' dir='ltr'>cone.</span> <span class='ocrx_word' id='word_1_158' title='bbox 475 2591 535 2647; x_wconf 83' lang='lat' dir='ltr'>unt.</span> <span class='ocrx_word' id='word_1_159' title='bbox 553 2605 614 2646; x_wconf 86' lang='lat' dir='ltr'>una</span> <span class='ocrx_word' id='word_1_160' title='bbox 629 2583 709 2647; x_wconf 88' lang='lat' dir='ltr'>actio</span> <span class='ocrx_word' id='word_1_161' title='bbox 723 2581 927 2667; x_wconf 87' lang='lat' dir='ltr'>distinguitur</span> <span class='ocrx_word' id='word_1_162' title='bbox 942 2582 1064 2648; x_wconf 89' lang='lat' dir='ltr'>realiter</span> <span class='ocrx_word' id='word_1_163' title='bbox 1078 2581 1116 2647; x_wconf 87' lang='lat' dir='ltr'>ab</span> <span class='ocrx_word' id='word_1_164' title='bbox 1132 2582 1192 2649; x_wconf 90' lang='lat' dir='ltr'>alia</span> <span class='ocrx_word' id='word_1_165' title='bbox 1208 2584 1325 2648; x_wconf 89' lang='lat' dir='ltr'>ratione</span> 
     </span>
     <span class='ocr_line' id='line_1_21' title="bbox 219 2694 1323 2780; baseline 0.002 -23"><span class='ocrx_word' id='word_1_166' title='bbox 219 2694 278 2773; x_wconf 90' lang='lat' dir='ltr'>sui,</span> <span class='ocrx_word' id='word_1_167' title='bbox 293 2694 386 2759; x_wconf 88' lang='lat' dir='ltr'>idest</span> <span class='ocrx_word' id='word_1_168' title='bbox 401 2701 493 2779; x_wconf 88' lang='lat' dir='ltr'>prout</span> <span class='ocrx_word' id='word_1_169' title='bbox 507 2694 644 2780; x_wconf 92' lang='lat' dir='ltr'>procedit</span> <span class='ocrx_word' id='word_1_170' title='bbox 658 2695 698 2759; x_wconf 91' lang='lat' dir='ltr'>ab</span> <span class='ocrx_word' id='word_1_171' title='bbox 712 2704 824 2779; x_wconf 87' lang='lat' dir='ltr'>agente</span> <span class='ocrx_word' id='word_1_172' title='bbox 838 2717 869 2760; x_wconf 84' lang='lat' dir='ltr'>n.</span> <span class='ocrx_word' id='word_1_173' title='bbox 884 2704 947 2760; x_wconf 86' lang='lat' dir='ltr'>cut.</span> <span class='ocrx_word' id='word_1_174' title='bbox 963 2703 992 2759; x_wconf 86' lang='lat' dir='ltr'>et</span> <span class='ocrx_word' id='word_1_175' title='bbox 1003 2717 1187 2778; x_wconf 85' lang='lat' dir='ltr'>consequens.</span> <span class='ocrx_word' id='word_1_176' title='bbox 1219 2695 1323 2759; x_wconf 92' lang='lat' dir='ltr'>Primo</span> 
     </span>
     <span class='ocr_line' id='line_1_22' title="bbox 220 2805 1323 2887; baseline 0.001 -17"><span class='ocrx_word' id='word_1_177' title='bbox 220 2806 301 2870; x_wconf 92' lang='lat' dir='ltr'>enim</span> <span class='ocrx_word' id='word_1_178' title='bbox 316 2806 489 2871; x_wconf 91' lang='lat' dir='ltr'>notandum</span> <span class='ocrx_word' id='word_1_179' title='bbox 503 2815 559 2886; x_wconf 84' lang='lat' dir='ltr'>est,</span> <span class='ocrx_word' id='word_1_180' title='bbox 575 2807 709 2871; x_wconf 87' lang='lat' dir='ltr'>actiones</span> <span class='ocrx_word' id='word_1_181' title='bbox 723 2805 791 2871; x_wconf 89' lang='lat' dir='ltr'>illas</span> <span class='ocrx_word' id='word_1_182' title='bbox 806 2806 901 2871; x_wconf 90' lang='lat' dir='ltr'>reales</span> <span class='ocrx_word' id='word_1_183' title='bbox 923 2830 990 2871; x_wconf 86' lang='lat' dir='ltr'>esse</span> <span class='ocrx_word' id='word_1_184' title='bbox 1010 2807 1203 2886; x_wconf 88' lang='lat' dir='ltr'>successivas,</span> <span class='ocrx_word' id='word_1_185' title='bbox 1219 2806 1262 2871; x_wconf 91' lang='lat' dir='ltr'>ita</span> <span class='ocrx_word' id='word_1_186' title='bbox 1277 2816 1323 2887; x_wconf 92' lang='lat' dir='ltr'>ut,</span> 
     </span>
     <span class='ocr_line' id='line_1_23' title="bbox 219 2917 1323 3004; baseline -0.001 -21"><span class='ocrx_word' id='word_1_187' title='bbox 219 2918 293 2983; x_wconf 91' lang='lat' dir='ltr'>dum</span> <span class='ocrx_word' id='word_1_188' title='bbox 308 2940 372 2982; x_wconf 91' lang='lat' dir='ltr'>una</span> <span class='ocrx_word' id='word_1_189' title='bbox 386 2927 443 2996; x_wconf 89' lang='lat' dir='ltr'>est,</span> <span class='ocrx_word' id='word_1_190' title='bbox 458 2917 517 2982; x_wconf 91' lang='lat' dir='ltr'>alia</span> <span class='ocrx_word' id='word_1_191' title='bbox 530 2940 594 2983; x_wconf 91' lang='lat' dir='ltr'>non</span> <span class='ocrx_word' id='word_1_192' title='bbox 609 2918 648 2982; x_wconf 91' lang='lat' dir='ltr'>sit</span> <span class='ocrx_word' id='word_1_193' title='bbox 663 2918 814 3002; x_wconf 87' lang='lat' dir='ltr'>amplius:</span> <span class='ocrx_word' id='word_1_194' title='bbox 836 2942 929 3004; x_wconf 90' lang='lat' dir='ltr'>quare</span> <span class='ocrx_word' id='word_1_195' title='bbox 944 2941 1008 2983; x_wconf 92' lang='lat' dir='ltr'>non</span> <span class='ocrx_word' id='word_1_196' title='bbox 1020 2928 1093 2983; x_wconf 87' lang='lat' dir='ltr'>sunt</span> <span class='ocrx_word' id='word_1_197' title='bbox 1108 2941 1215 2983; x_wconf 89' lang='lat' dir='ltr'>omnes</span> <span class='ocrx_word' id='word_1_198' title='bbox 1230 2919 1323 2983; x_wconf 89' lang='lat' dir='ltr'>simul</span> 
     </span>
     <span class='ocr_line' id='line_1_24' title="bbox 218 3029 1322 3115; baseline 0.002 -22"><span class='ocrx_word' id='word_1_199' title='bbox 218 3029 323 3110; x_wconf 88' lang='lat' dir='ltr'>reales,</span> <span class='ocrx_word' id='word_1_200' title='bbox 343 3030 397 3094; x_wconf 88' lang='lat' dir='ltr'>sed</span> <span class='ocrx_word' id='word_1_201' title='bbox 418 3052 481 3094; x_wconf 89' lang='lat' dir='ltr'>una</span> <span class='ocrx_word' id='word_1_202' title='bbox 502 3037 635 3094; x_wconf 85' lang='lat' dir='ltr'>tantum.</span> <span class='ocrx_word' id='word_1_203' title='bbox 683 3029 766 3093; x_wconf 90' lang='lat' dir='ltr'>Hinc</span> <span class='ocrx_word' id='word_1_204' title='bbox 788 3029 977 3115; x_wconf 89' lang='lat' dir='ltr'>impossibile</span> <span class='ocrx_word' id='word_1_205' title='bbox 997 3038 1044 3093; x_wconf 89' lang='lat' dir='ltr'>est</span> <span class='ocrx_word' id='word_1_206' title='bbox 1064 3052 1115 3094; x_wconf 87' lang='lat' dir='ltr'>eas</span> <span class='ocrx_word' id='word_1_207' title='bbox 1137 3030 1322 3095; x_wconf 88' lang='lat' dir='ltr'>constituere</span> 
     </span>
     <span class='ocr_line' id='line_1_25' title="bbox 218 3140 1322 3228; baseline 0.001 -24"><span class='ocrx_word' id='word_1_208' title='bbox 218 3141 352 3226; x_wconf 90' lang='lat' dir='ltr'>aliquam</span> <span class='ocrx_word' id='word_1_209' title='bbox 366 3142 478 3207; x_wconf 86' lang='lat' dir='ltr'>realem</span> <span class='ocrx_word' id='word_1_210' title='bbox 497 3142 646 3206; x_wconf 89' lang='lat' dir='ltr'>actualem</span> <span class='ocrx_word' id='word_1_211' title='bbox 667 3140 909 3222; x_wconf 87' lang='lat' dir='ltr'>multitudinem,</span> <span class='ocrx_word' id='word_1_212' title='bbox 931 3142 984 3206; x_wconf 90' lang='lat' dir='ltr'>sed</span> <span class='ocrx_word' id='word_1_213' title='bbox 1006 3164 1200 3228; x_wconf 85' lang='lat' dir='ltr'>unaquaeque</span> <span class='ocrx_word' id='word_1_214' title='bbox 1217 3164 1322 3207; x_wconf 89' lang='lat' dir='ltr'>earum</span> 
     </span>
     <span class='ocr_line' id='line_1_26' title="bbox 218 3252 1321 3336; baseline 0.001 -21"><span class='ocrx_word' id='word_1_215' title='bbox 218 3252 311 3317; x_wconf 92' lang='lat' dir='ltr'>habet</span> <span class='ocrx_word' id='word_1_216' title='bbox 324 3254 474 3317; x_wconf 88' lang='lat' dir='ltr'>rationem</span> <span class='ocrx_word' id='word_1_217' title='bbox 491 3252 614 3316; x_wconf 88' lang='lat' dir='ltr'>termini</span> <span class='ocrx_word' id='word_1_218' title='bbox 637 3252 816 3336; x_wconf 90' lang='lat' dir='ltr'>simpliciter</span> <span class='ocrx_word' id='word_1_219' title='bbox 838 3252 1033 3317; x_wconf 85' lang='lat' dir='ltr'>terminantis</span> <span class='ocrx_word' id='word_1_220' title='bbox 1057 3252 1250 3317; x_wconf 87' lang='lat' dir='ltr'>durationem</span> <span class='ocrx_word' id='word_1_221' title='bbox 1273 3275 1321 3317; x_wconf 90' lang='lat' dir='ltr'>ac-</span> 
     </span>
     <span class='ocr_line' id='line_1_27' title="bbox 218 3363 1321 3450; baseline 0.002 -23"><span class='ocrx_word' id='word_1_222' title='bbox 218 3364 311 3427; x_wconf 89' lang='lat' dir='ltr'>tionis</span> <span class='ocrx_word' id='word_1_223' title='bbox 338 3363 536 3449; x_wconf 83' lang='lat' dir='ltr'>praecedentis</span> <span class='ocrx_word' id='word_1_224' title='bbox 564 3372 619 3428; x_wconf 92' lang='lat' dir='ltr'>aut</span> <span class='ocrx_word' id='word_1_225' title='bbox 648 3363 777 3428; x_wconf 88' lang='lat' dir='ltr'>actionis</span> <span class='ocrx_word' id='word_1_226' title='bbox 807 3363 1033 3450; x_wconf 88' lang='lat' dir='ltr'>subsequentis.</span> <span class='ocrx_word' id='word_1_227' title='bbox 1093 3363 1189 3430; x_wconf 88' lang='lat' dir='ltr'>Nulla</span> <span class='ocrx_word' id='word_1_228' title='bbox 1219 3372 1321 3429; x_wconf 87' lang='lat' dir='ltr'>antem</span> 
     </span>
     <span class='ocr_line' id='line_1_28' title="bbox 218 3473 1322 3560; baseline -0.001 -21"><span class='ocrx_word' id='word_1_229' title='bbox 218 3498 322 3539; x_wconf 86' lang='lat' dir='ltr'>earum</span> <span class='ocrx_word' id='word_1_230' title='bbox 336 3475 430 3539; x_wconf 90' lang='lat' dir='ltr'>habet</span> <span class='ocrx_word' id='word_1_231' title='bbox 444 3473 593 3538; x_wconf 84' lang='lat' dir='ltr'>rationein</span> <span class='ocrx_word' id='word_1_232' title='bbox 608 3475 714 3559; x_wconf 88' lang='lat' dir='ltr'>partis,</span> <span class='ocrx_word' id='word_1_233' title='bbox 729 3475 809 3539; x_wconf 89' lang='lat' dir='ltr'>sicut</span> <span class='ocrx_word' id='word_1_234' title='bbox 824 3475 916 3538; x_wconf 90' lang='lat' dir='ltr'>etiam</span> <span class='ocrx_word' id='word_1_235' title='bbox 936 3475 1083 3539; x_wconf 87' lang='lat' dir='ltr'>instantia</span> <span class='ocrx_word' id='word_1_236' title='bbox 1097 3475 1244 3560; x_wconf 90' lang='lat' dir='ltr'>temporis</span> <span class='ocrx_word' id='word_1_237' title='bbox 1259 3498 1322 3539; x_wconf 90' lang='lat' dir='ltr'>uon</span> 
     </span>
     <span class='ocr_line' id='line_1_29' title="bbox 217 3585 1321 3671; baseline 0.002 -22"><span class='ocrx_word' id='word_1_238' title='bbox 217 3585 332 3650; x_wconf 91' lang='lat' dir='ltr'>habent</span> <span class='ocrx_word' id='word_1_239' title='bbox 353 3586 503 3650; x_wconf 88' lang='lat' dir='ltr'>rationem</span> <span class='ocrx_word' id='word_1_240' title='bbox 526 3586 669 3671; x_wconf 90' lang='lat' dir='ltr'>partium,</span> <span class='ocrx_word' id='word_1_241' title='bbox 692 3585 804 3670; x_wconf 92' lang='lat' dir='ltr'>quibus</span> <span class='ocrx_word' id='word_1_242' title='bbox 827 3585 992 3671; x_wconf 88' lang='lat' dir='ltr'>impleatur</span> <span class='ocrx_word' id='word_1_243' title='bbox 1014 3586 1135 3651; x_wconf 87' lang='lat' dir='ltr'>duratio</span> <span class='ocrx_word' id='word_1_244' title='bbox 1158 3586 1253 3671; x_wconf 88' lang='lat' dir='ltr'>(quod</span> <span class='ocrx_word' id='word_1_245' title='bbox 1275 3597 1321 3651; x_wconf 90' lang='lat' dir='ltr'>est</span> 
     </span>
     <span class='ocr_line' id='line_1_30' title="bbox 218 3696 1321 3785; baseline 0 -24"><span class='ocrx_word' id='word_1_246' title='bbox 218 3697 414 3782; x_wconf 84' lang='lat' dir='ltr'>impossibile)</span> <span class='ocrx_word' id='word_1_247' title='bbox 431 3696 485 3761; x_wconf 89' lang='lat' dir='ltr'>sed</span> <span class='ocrx_word' id='word_1_248' title='bbox 504 3697 653 3761; x_wconf 88' lang='lat' dir='ltr'>rationem</span> <span class='ocrx_word' id='word_1_249' title='bbox 672 3696 873 3761; x_wconf 88' lang='lat' dir='ltr'>terminorum</span> <span class='ocrx_word' id='word_1_250' title='bbox 894 3697 1127 3761; x_wconf 87' lang='lat' dir='ltr'>terminantium</span> <span class='ocrx_word' id='word_1_251' title='bbox 1142 3696 1321 3785; x_wconf 87' lang='lat' dir='ltr'>relationem</span> 
     </span>
     <span class='ocr_line' id='line_1_31' title="bbox 217 3806 1320 3892; baseline -0.002 -19"><span class='ocrx_word' id='word_1_252' title='bbox 217 3810 398 3873; x_wconf 82' lang='lat' dir='ltr'>durativam.</span> <span class='ocrx_word' id='word_1_253' title='bbox 436 3806 616 3873; x_wconf 87' lang='lat' dir='ltr'>Notandum</span> <span class='ocrx_word' id='word_1_254' title='bbox 631 3807 871 3892; x_wconf 84' lang='lat' dir='ltr'>praetereaquod</span> <span class='ocrx_word' id='word_1_255' title='bbox 885 3808 964 3871; x_wconf 89' lang='lat' dir='ltr'>actio</span> <span class='ocrx_word' id='word_1_256' title='bbox 982 3808 1094 3871; x_wconf 90' lang='lat' dir='ltr'>motiva</span> <span class='ocrx_word' id='word_1_257' title='bbox 1109 3807 1204 3891; x_wconf 89' lang='lat' dir='ltr'>accipi</span> <span class='ocrx_word' id='word_1_258' title='bbox 1219 3816 1320 3891; x_wconf 88' lang='lat' dir='ltr'>potest</span> 
     </span>
     <span class='ocr_line' id='line_1_32' title="bbox 217 3917 1319 4005; baseline -0.003 -20"><span class='ocrx_word' id='word_1_259' title='bbox 217 3919 265 3985; x_wconf 91' lang='lat' dir='ltr'>vel</span> <span class='ocrx_word' id='word_1_260' title='bbox 280 3929 314 3984; x_wconf 93' lang='lat' dir='ltr'>ut</span> <span class='ocrx_word' id='word_1_261' title='bbox 329 3929 375 3985; x_wconf 88' lang='lat' dir='ltr'>est</span> <span class='ocrx_word' id='word_1_262' title='bbox 390 3923 422 3984; x_wconf 84' lang='lat' dir='ltr'>iu</span> <span class='ocrx_word' id='word_1_263' title='bbox 429 3920 512 4005; x_wconf 80' lang='lat' dir='ltr'>ficri,</span> <span class='ocrx_word' id='word_1_264' title='bbox 529 3918 574 3984; x_wconf 90' lang='lat' dir='ltr'>vel</span> <span class='ocrx_word' id='word_1_265' title='bbox 590 3921 722 3983; x_wconf 84' lang='lat' dir='ltr'>utestiu</span> <span class='ocrx_word' id='word_1_266' title='bbox 730 3920 817 4003; x_wconf 85' lang='lat' dir='ltr'>sueto</span> <span class='ocrx_word' id='word_1_267' title='bbox 829 3942 897 3983; x_wconf 82' lang='lat' dir='ltr'>esse.</span> <span class='ocrx_word' id='word_1_268' title='bbox 944 3920 983 3983; x_wconf 94' lang='lat' dir='ltr'>lu</span> <span class='ocrx_word' id='word_1_269' title='bbox 998 3918 1063 3983; x_wconf 89' lang='lat' dir='ltr'>fieri</span> <span class='ocrx_word' id='word_1_270' title='bbox 1078 3928 1125 3982; x_wconf 89' lang='lat' dir='ltr'>est</span> <span class='ocrx_word' id='word_1_271' title='bbox 1140 3917 1205 4001; x_wconf 87' lang='lat' dir='ltr'>ipse</span> <span class='ocrx_word' id='word_1_272' title='bbox 1220 3928 1319 3982; x_wconf 84' lang='lat' dir='ltr'>trans-</span> 
     </span>
     <span class='ocr_line' id='line_1_33' title="bbox 216 4028 1320 4116; baseline -0.004 -20"><span class='ocrx_word' id='word_1_273' title='bbox 216 4033 279 4096; x_wconf 88' lang='lat' dir='ltr'>itus</span> <span class='ocrx_word' id='word_1_274' title='bbox 293 4032 332 4096; x_wconf 87' lang='lat' dir='ltr'>ab</span> <span class='ocrx_word' id='word_1_275' title='bbox 348 4039 419 4096; x_wconf 85' lang='lat' dir='ltr'>actu</span> <span class='ocrx_word' id='word_1_276' title='bbox 435 4032 534 4116; x_wconf 88' lang='lat' dir='ltr'>primo</span> <span class='ocrx_word' id='word_1_277' title='bbox 554 4029 711 4094; x_wconf 90' lang='lat' dir='ltr'>adactum</span> <span class='ocrx_word' id='word_1_278' title='bbox 733 4029 913 4109; x_wconf 90' lang='lat' dir='ltr'>secundum,</span> <span class='ocrx_word' id='word_1_279' title='bbox 929 4030 962 4093; x_wconf 90' lang='lat' dir='ltr'>iu</span> <span class='ocrx_word' id='word_1_280' title='bbox 977 4050 1039 4114; x_wconf 92' lang='lat' dir='ltr'>quo</span> <span class='ocrx_word' id='word_1_281' title='bbox 1053 4028 1185 4107; x_wconf 83' lang='lat' dir='ltr'>transitu</span> <span class='ocrx_word' id='word_1_282' title='bbox 1200 4029 1320 4112; x_wconf 88' lang='lat' dir='ltr'>proprie</span> 
     </span>
     <span class='ocr_line' id='line_1_34' title="bbox 217 4140 1319 4223; baseline -0.004 -16"><span class='ocrx_word' id='word_1_283' title='bbox 217 4144 355 4208; x_wconf 88' lang='lat' dir='ltr'>consistit</span> <span class='ocrx_word' id='word_1_284' title='bbox 369 4143 458 4222; x_wconf 91' lang='lat' dir='ltr'>actio,</span> <span class='ocrx_word' id='word_1_285' title='bbox 473 4152 510 4206; x_wconf 91' lang='lat' dir='ltr'>ut</span> <span class='ocrx_word' id='word_1_286' title='bbox 525 4164 580 4205; x_wconf 89' lang='lat' dir='ltr'>suo</span> <span class='ocrx_word' id='word_1_287' title='bbox 595 4140 662 4205; x_wconf 90' lang='lat' dir='ltr'>loco</span> <span class='ocrx_word' id='word_1_288' title='bbox 677 4140 865 4206; x_wconf 89' lang='lat' dir='ltr'>videbimus:</span> <span class='ocrx_word' id='word_1_289' title='bbox 881 4140 913 4204; x_wconf 92' lang='lat' dir='ltr'>iu</span> <span class='ocrx_word' id='word_1_290' title='bbox 925 4141 1005 4205; x_wconf 87' lang='lat' dir='ltr'>facto</span> <span class='ocrx_word' id='word_1_291' title='bbox 1017 4162 1082 4204; x_wconf 90' lang='lat' dir='ltr'>esse</span> <span class='ocrx_word' id='word_1_292' title='bbox 1096 4150 1143 4203; x_wconf 86' lang='lat' dir='ltr'>est</span> <span class='ocrx_word' id='word_1_293' title='bbox 1159 4142 1222 4223; x_wconf 89' lang='lat' dir='ltr'>ipse</span> <span class='ocrx_word' id='word_1_294' title='bbox 1234 4150 1319 4203; x_wconf 86' lang='lat' dir='ltr'>aetus</span> 
     </span>
     <span class='ocr_line' id='line_1_35' title="bbox 216 4250 1319 4340; baseline -0.006 -20"><span class='ocrx_word' id='word_1_295' title='bbox 216 4256 379 4334; x_wconf 85' lang='lat' dir='ltr'>secundus,</span> <span class='ocrx_word' id='word_1_296' title='bbox 402 4255 456 4340; x_wconf 93' lang='lat' dir='ltr'>qui</span> <span class='ocrx_word' id='word_1_297' title='bbox 478 4254 624 4337; x_wconf 87' lang='lat' dir='ltr'>recipitur</span> <span class='ocrx_word' id='word_1_298' title='bbox 644 4253 677 4316; x_wconf 89' lang='lat' dir='ltr'>in</span> <span class='ocrx_word' id='word_1_299' title='bbox 700 4253 815 4332; x_wconf 90' lang='lat' dir='ltr'>mobili,</span> <span class='ocrx_word' id='word_1_300' title='bbox 836 4262 866 4316; x_wconf 89' lang='lat' dir='ltr'>et</span> <span class='ocrx_word' id='word_1_301' title='bbox 885 4254 978 4318; x_wconf 86' lang='lat' dir='ltr'>habet</span> <span class='ocrx_word' id='word_1_302' title='bbox 999 4252 1148 4316; x_wconf 85' lang='lat' dir='ltr'>rationem</span> <span class='ocrx_word' id='word_1_303' title='bbox 1170 4250 1319 4335; x_wconf 87' lang='lat' dir='ltr'>passionis</span> 
     </span>
     <span class='ocr_line' id='line_1_36' title="bbox 215 4362 1317 4447; baseline -0.004 -16"><span class='ocrx_word' id='word_1_304' title='bbox 215 4368 342 4433; x_wconf 85' lang='lat' dir='ltr'>actualis</span> <span class='ocrx_word' id='word_1_305' title='bbox 357 4367 388 4432; x_wconf 91' lang='lat' dir='ltr'>in</span> <span class='ocrx_word' id='word_1_306' title='bbox 404 4390 440 4433; x_wconf 87' lang='lat' dir='ltr'>eo</span> <span class='ocrx_word' id='word_1_307' title='bbox 455 4375 592 4447; x_wconf 85' lang='lat' dir='ltr'>actuatae.</span> <span class='ocrx_word' id='word_1_308' title='bbox 639 4365 705 4429; x_wconf 91' lang='lat' dir='ltr'>lam</span> <span class='ocrx_word' id='word_1_309' title='bbox 721 4388 790 4430; x_wconf 77' lang='lat' dir='ltr'>vero</span> <span class='ocrx_word' id='word_1_310' title='bbox 806 4365 884 4429; x_wconf 88' lang='lat' dir='ltr'>actio</span> <span class='ocrx_word' id='word_1_311' title='bbox 904 4364 1016 4429; x_wconf 90' lang='lat' dir='ltr'>motiva</span> <span class='ocrx_word' id='word_1_312' title='bbox 1034 4364 1181 4429; x_wconf 87' lang='lat' dir='ltr'>continua</span> <span class='ocrx_word' id='word_1_313' title='bbox 1195 4366 1226 4427; x_wconf 84' lang='lat' dir='ltr'>iu</span> <span class='ocrx_word' id='word_1_314' title='bbox 1233 4362 1317 4447; x_wconf 75' lang='lat' dir='ltr'>fieri,</span> 
     </span>
    </p>
   </div>
   <div class='ocr_carea' id='block_1_5' title="bbox 0 0 1604 4984">
    <p class='ocr_par' dir='ltr' id='par_1_6' title="bbox 0 0 1604 4984">
     <span class='ocr_line' id='line_1_37' title="bbox 0 0 1604 4984; baseline 0 3"><span class='ocrx_word' id='word_1_315' title='bbox 0 0 1604 4984; x_wconf 95' lang='lat' dir='ltr'> </span> 
     </span>
    </p>
   </div>
  </div>
 </body>
</html>
