3200 4984
288 374 353 439 238
594 393 637 437 oa
653 390 857 437 suusraurra
874 391 1057 435 consonus.
1236 373 1325 457 [cscg
1336 393 1391 437 111.

282 584 405 648 quoque
426 564 491 649 agit
513 565 546 629 in
569 566 683 650 ipsum,
706 576 738 630 et
760 566 934 651 passionem
954 573 1058 629 motus
1078 562 1198 629 inducit
1221 564 1255 627 in
1277 564 1390 647 ipsum.

284 672 387 751 Quare
409 697 516 743 seusus
540 675 623 741 illius
645 676 790 763 principii
813 684 870 755 est,
893 698 1001 741 omues
1022 674 1156 740 actiones
1178 675 1312 739 materia
1326 697 1390 739 esse

285 794 419 865 mutuas,
445 796 476 851 et
503 809 566 853 uon
594 810 683 873 posse
704 810 801 853 unum
825 788 1012 853 elementum
1032 809 1161 866 movere,
1184 786 1245 851 nisi
1267 786 1391 871 aliquod

285 896 371 961 aliud
393 920 486 984 capax
508 900 650 965 movendi
671 901 794 985 ipsum;
817 900 901 965 unde
923 910 1087 987 utrumque
1108 908 1278 983 satagens,
1300 909 1331 964 et
1345 898 1389 963 vi·

285 1011 387 1077 cissim
407 1021 574 1098 utrumque
598 1013 727 1097 patiens.
773 1014 848 1079 Nou
874 1036 947 1098 ergo
970 1013 1143 1099 putandum
1168 1021 1215 1076 est
1241 1014 1389 1092 consumi,

285 1124 448 1203 attenuari,
461 1125 625 1191 exhauriri
651 1127 730 1192 vires
759 1127 891 1211 agentis,
922 1127 997 1191 dum
1026 1127 1102 1211 agit,
1125 1135 1286 1211 propterea
1307 1126 1390 1211 qnod

284 1258 368 1303 omne
392 1259 481 1320 operas
504 1238 615 1321 spendo
641 1239 797 1318 repetitor.
844 1238 912 1303 Nec
935 1237 1164 1322 suspicandum,
1189 1237 1272 1321 quod
1295 1259 1389 1323 agens

284 1347 420 1432 patiatur
442 1349 567 1433 precise
590 1350 653 1415 ideo
683 1352 754 1433 quta
784 1353 848 1434 opit
879 1350 949 1433 (hoc
977 1350 1059 1415 enim
1089 1371 1153 1415 uon
1181 1349 1301 1430 accidit,
1330 1349 1390 1413 nisi

285 1458 410 1545 quaudo
433 1460 512 1527 actio
538 1470 585 1527 est
604 1462 788 1542 immanens,
810 1463 894 1548 quod
916 1484 981 1527 uon
1001 1461 1154 1545 contingit
1177 1462 1211 1526 in
1230 1462 1392 1544 materia);

286 1569 340 1637 red
360 1592 455 1655 egeus
477 1570 547 1637 ideo
569 1573 694 1656 patitur,
716 1574 790 1658 quic
811 1574 889 1639 illud
911 1574 945 1639 iu
962 1574 1048 1659 quod
1061 1573 1135 1658 agit,
1150 1574 1243 1641 habet
1256 1574 1389 1639 vicissim

285 1703 373 1749 suam
387 1681 450 1747 vim
464 1682 603 1762 activam,
619 1706 680 1769 qua
693 1692 765 1769 agat
780 1685 815 1751 iu
829 1685 942 1769 ipsum.
987 1683 1068 1761 Qus
1079 1684 1183 1751 omnia
1196 1708 1233 1749 ex
1247 1684 1336 1750 dictis
1352 1684 1389 1749 de

284 1793 455 1861 actionibus
470 1794 690 1863 elementorum
705 1796 779 1861 satis
794 1805 912 1881 patent.

332 1905 366 1971 Si
380 1928 449 1973 vero
463 1907 649 1993 principium
664 1908 835 1994 applicetur
849 1909 955 1994 agenti
971 1910 1150 1994 composito,
1167 1918 1203 1973 ut
1217 1933 1245 1974 v.
1261 1932 1310 1994 gr.
1324 1932 1390 1974 mo·

286 2016 392 2085 lectule
405 2017 453 2085 vel
467 2019 586 2107 corpori
600 2019 736 2099 cuilibet,
751 2030 827 2089 tunc
842 2044 937 2107 agens
951 2021 1000 2086 vel
1012 2020 1223 2089 consideratur
1236 2022 1269 2085 iu
1283 2021 1389 2088 ordine

285 2128 325 2197 ud
340 2152 382 2210 se,
397 2129 445 2197 vel
466 2131 499 2195 in
513 2130 620 2197 ordine
635 2131 756 2199 adalia.
802 2132 923 2217 Corpus
942 2133 976 2198 iu
994 2134 1156 2201 ordincad
1171 2155 1204 2199 se
1217 2134 1390 2200 considera·

286 2250 354 2309 tum
363 2242 468 2326 agitet
480 2244 606 2328 patitur,
622 2244 793 2329 producens
808 2268 864 2330 per
872 2246 1069 2313 attractiones
1083 2253 1115 2311 et
1129 2246 1318 2331 repulsiones
1329 2246 1388 2334 ele-

284 2362 461 2420 mentorum
484 2377 611 2423 suorum
637 2364 769 2437 mutuas,
793 2364 825 2421 et
846 2357 996 2441 recipiens
1017 2357 1051 2421 in
1068 2357 1246 2423 eorumdem
1263 2358 1390 2422 materia

286 2476 390 2533 motus
403 2466 472 2532 illos
487 2468 694 2548 moleculares,
709 2468 822 2554 quibus
837 2476 1034 2534 conservatur
1051 2468 1118 2534 eius
1132 2478 1232 2535 status
1245 2478 1277 2533 et
1291 2478 1389 2535 struc-

286 2587 374 2645 tura:
397 2579 473 2645 etin
487 2580 546 2645 hoc
560 2603 634 2647 casu
647 2580 761 2647 iterum
775 2590 871 2666 patet,
887 2581 971 2667 quod
985 2603 1049 2645 non
1063 2581 1214 2665 repetitur
1227 2584 1300 2667 quic
1313 2581 1389 2666 agit,

285 2690 341 2757 sed
355 2690 534 2776 simpliciter
547 2713 646 2758 uuum
660 2692 819 2777 repatitiu,
835 2692 907 2777 quia
921 2691 1005 2758 aliud
1026 2692 1101 2776 agit.
1148 2693 1182 2757 Si
1195 2715 1267 2757 vero
1280 2715 1391 2778 corpus

282 2803 495 2869 consideratur
509 2804 542 2869 iu
556 2803 664 2869 ordine
678 2803 719 2869 ad
730 2804 789 2871 alia
798 2804 954 2884 distincta,
964 2803 1062 2869 multo
1076 2804 1176 2889 magis
1190 2804 1291 2872 adhuc
1304 2813 1390 2890 patet

285 2914 370 3000 quod
384 2915 450 2981 eius
464 2916 599 3001 repassio
613 2938 677 2981 uon
692 2916 790 2982 oritur
805 2938 841 2981 ex
856 2915 923 2980 eius
937 2916 1067 2995 actione,
1080 2915 1134 2981 sed
1144 2938 1182 2984 ex
1195 2915 1312 2982 actione
1323 2916 1390 2981 eius

282 3026 322 3089 in
336 3024 420 3110 quod
434 3026 509 3110 agit.

280 3192 282 3199 ,
333 3140 406 3202 142.
429 3137 532 3204 Multa
540 3138 590 3203 hic
601 3137 673 3204 addi
681 3147 807 3223 possent
823 3138 860 3203 de
874 3137 1098 3222 primitivorum
1113 3159 1275 3223 corporum
1290 3146 1389 3202 struc-

281 3257 370 3329 tura,
384 3249 423 3315 de
437 3249 635 3317 varietatibus
658 3249 877 3317 molecularum
900 3248 1012 3334 quibus
1034 3248 1196 3333 precipuae
1211 3248 1390 3313 substantie

287 3370 524 3446 componuntur,
540 3360 578 3427 de
593 3362 779 3428 scrutatione
793 3362 1075 3446 pbaenomcnorum,
1086 3360 1124 3425 de
1138 3361 1311 3445 aptitudine
1324 3381 1390 3425 cor-

288 3496 399 3559 porum
413 3474 452 3539 ad
467 3474 625 3539 excitanda
640 3496 754 3557 organa
769 3473 913 3549 sensoria,
928 3471 967 3537 de
985 3472 1063 3551 luce,
1083 3472 1221 3550 celorico,
1243 3471 1389 3537 electrici-

279 3596 362 3666 ⁴tate,
377 3594 408 3651 ct
423 3585 563 3671 pluribus
585 3585 662 3665 aliis,
685 3585 719 3651 in
740 3585 854 3670 quibus
875 3584 974 3651 elucet
994 3583 1105 3649 dimnae
1122 3583 1288 3668 sapientiae,
1303 3583 1390 3647 boni·

289 3700 361 3765 tatis
375 3708 407 3765 et
420 3699 618 3785 providentiae
633 3700 779 3785 operatio.
823 3698 886 3763 Sed
899 3720 1013 3779 vereor,
1027 3720 1067 3762 ne
1081 3698 1115 3764 iu
1129 3720 1163 3763 re
1177 3697 1291 3763 difficili
1306 3707 1336 3762 et
1351 3697 1390 3764 ad

288 3812 431 3899 physicos
459 3812 586 3898 propius
611 3820 769 3898 spectante
793 3811 926 3875 nimium
950 3833 1150 3896 praesumam:
1184 3819 1215 3875 et
1238 3810 1316 3889 ideo,
1341 3810 1391 3873 his

289 3926 376 4011 quasi
404 3924 613 3991 fundamentis
641 3924 841 3990 rationalibus
870 3924 968 4003 iactis,
998 3946 1106 3989 causeo
1133 3923 1244 4011 reliqui
1271 3923 1391 3990 aedilicii

279 4060 394 4111 *curam
407 4060 474 4103 esse
488 4037 566 4117 aliis,
581 4036 694 4122 quibus
709 4044 806 4115 vacat,
821 4036 1064 4121 relinquendam.
