3200 4984
222 362 294 407 car.
310 340 366 426 ιι]
541 358 584 404 uu
600 356 802 403 suasurum
816 356 997 402 corrosus.
1255 336 1317 401 175

220 550 277 613 pro
291 534 428 612 ternpore
442 546 607 590 concursus
623 533 710 589 t--ao
721 549 731 603 ;
754 522 838 609 quod
851 522 977 602 indicat,
992 523 1025 587 in
1039 520 1093 586 illo
1106 521 1204 587 limite
1216 519 1318 586 inten-

221 638 321 704 sitatis
335 635 553 722 impossibilem
567 636 634 701 fieri
647 634 877 701 oscillationem.

266 753 318 819 79.
341 749 445 814 Multa
464 749 524 815 ulia
542 748 659 813 canosa
672 746 850 832 investigari
863 753 993 832 possunt
1007 744 1087 811 cuca
1105 753 1209 811 motus
1222 746 1318 811 trium

221 871 276 929 aut
301 861 437 949 plurium
460 860 679 925 elementorum
708 858 748 924 ad
775 856 939 944 inaequales
968 857 1129 922 distantias
1161 857 1211 923 rel
1235 866 1320 923 extra

222 975 335 1040 lineam
348 982 461 1039 rectam
476 972 655 1057 positorum,
674 971 722 1036 vel
740 969 939 1056 inaequalium
957 969 1188 1035 intensitatum:
1213 969 1266 1035 sed
1283 992 1319 1035 ea

222 1085 434 1172 relinquimus,
457 1084 529 1170 quia
550 1092 580 1148 et
603 1084 668 1148 sine
686 1082 821 1148 utilitate
842 1090 874 1147 ct
895 1104 965 1148 cnm
982 1082 1114 1147 maxima
1134 1081 1318 1148 calculorum

145 1275 150 1287 ἱ
223 1197 400 1264 difficultate
414 1203 630 1282 quaererentur.
676 1192 826 1271 Quaedam
839 1216 910 1259 vero
929 1194 988 1259 alia
1005 1194 1093 1259 utilia
1106 1202 1138 1259 ct
1152 1196 1319 1260 necessaria

224 1309 413 1395 attingemus
426 1308 517 1373 infra.

259 1423 309 1488 Ex
320 1420 658 1507 dictishuousquesutis
669 1427 804 1505 apparet,
815 1418 969 1505 quomodo
979 1419 1129 1485 elementa
1139 1420 1318 1487 siveattrac·

223 1535 285 1599 tiva
296 1532 357 1598 sive
367 1531 519 1618 repulsiva
533 1532 613 1597 inter
627 1554 659 1596 se
674 1541 777 1616 agant,
787 1540 819 1597 et
833 1530 986 1617 quomodo
1001 1532 1120 1617 possint
1130 1531 1274 1618 colligare
1288 1556 1321 1598 se

225 1654 333 1711 mutuo
344 1667 397 1730 per
406 1643 507 1729 legem
516 1643 679 1730 quamdam
688 1652 831 1709 motuum
841 1643 1120 1709 detenninatornm.
1144 1644 1320 1711 Videndum

224 1766 270 1823 est
285 1778 369 1821 nunc
383 1755 536 1840 quomodo
549 1778 586 1819 ex
604 1755 662 1819 hac
675 1763 785 1820 mutua
798 1754 1018 1821 elementorum
1032 1757 1149 1822 actione
1163 1778 1324 1843 exsurgere

222 1870 343 1956 possint
356 1866 515 1933 moleculae
529 1876 610 1953 aptae
624 1865 663 1931 ad
677 1865 904 1953 componendas
913 1889 1019 1932 omnes
1028 1867 1214 1933 substantias
1228 1878 1319 1934 natu-

225 1981 312 2046 rales.
361 1982 403 2046 llt
425 1980 459 2045 in
481 1979 588 2065 primis
610 1978 787 2059 videndum,
814 1978 890 2064 quid
915 1979 1038 2064 praecise
1063 1980 1194 2064 intelligi
1213 1980 1322 2047 debeat

220 2093 351 2158 nomine
368 2091 522 2173 owlecaslae,
542 2099 574 2156 et
593 2091 748 2177 quodnam
769 2090 809 2155 sit
825 2091 952 2156 formale
969 2091 1203 2157 constitutivum
1220 2092 1323 2158 illius:

227 2206 352 2273 divemae
373 2206 455 2271 enim
478 2206 591 2291 species
613 2204 832 2271 molecularum
850 2227 888 2271 ex
909 2204 1082 2271 diversitate
1101 2206 1321 2291 principiorum

225 2318 400 2385 formalium
415 2319 566 2383 oriuntur.
614 2328 619 2337 '

270 2429 386 2497 Omnes
416 2429 543 2516 physici,
573 2429 627 2515 qui
656 2435 823 2495 tenuerunt
857 2424 1015 2493 materiam
1043 2451 1108 2494 esse
1136 2429 1325 2511 continuam,

226 2526 351 2607 nomine
375 2541 531 2607 moleculae
556 2540 771 2611 intellexeruut
796 2559 920 2626 parrum
945 2540 1056 2605 molem
1082 2541 1269 2623 continuam,
1294 2553 1326 2607 et

171 2675 175 2683 ·
226 2654 295 2720 ideo
305 2652 481 2718 tribuerunt
495 2652 541 2718 illi
555 2662 617 2717 tres
626 2652 840 2733 dimensiones.
883 2650 943 2717 Sed
952 2674 1048 2737 quum
1059 2654 1154 2718 moles
1165 2676 1326 2741 corporum

226 2787 291 2832 nou
306 2766 345 2831 sit
360 2767 515 2845 continua,
531 2788 587 2830 nec
601 2773 721 2831 constet
735 2788 772 2831 ex
786 2766 950 2845 continuis,
961 2775 1101 2851 utsupra
1114 2767 1255 2832 habitum
1269 2776 1327 2848 est,

227 2878 295 2943 ideo
309 2878 402 2942 nullae
417 2877 537 2942 suntin
552 2899 654 2942 rerum
667 2886 779 2941 natura
791 2876 947 2941 moleculoe
961 2877 994 2941 in
1009 2877 1067 2942 hoc
1082 2900 1174 2943 sensu
1188 2889 1327 2965 accepta.

229 2989 317 3055 Nihil
331 2998 434 3055 tamen
449 2989 586 3075 impedit,
601 2988 766 3075 quominus
780 3010 895 3054 nornen
911 2988 1076 3068 moleculas,
1097 2998 1206 3075 utpote
1225 3013 1328 3077 recep-

228 3101 392 3182 tissimum,
413 3101 610 3179 retineamus,
629 3110 815 3186 utamurque
828 3122 865 3165 eo
879 3100 918 3165 ad
933 3101 1167 3185 significandum
1184 3104 1332 3187 quodlibet

229 3222 356 3298 system
385 3214 520 3297 plurium
548 3220 600 3277 cut
622 3214 798 3297 pauciorum
830 3209 1042 3278 elementorum
1060 3215 1235 3299 simplicium
1270 3216 1332 3300 lece

230 3325 355 3409 quadam
375 3325 475 3389 stabili
499 3344 692 3389 consecutam
717 3327 797 3389 iutra
823 3332 963 3409 capasiae
983 3332 1013 3388 et
1033 3334 1200 3391 constantes
1224 3328 1332 3393 limites

231 3437 473 3521 comprehensum.
504 3433 610 3512 Quum
621 3435 704 3500 enim
714 3435 873 3521 quodlibet
887 3443 1020 3523 systema
1030 3436 1181 3502 eiusmodi
1193 3437 1330 3523 implicet

231 3570 350 3633 semper
364 3546 498 3634 aliquam
513 3547 690 3613 distantiam
705 3547 848 3612 elementi
861 3546 900 3612 ab
914 3546 1073 3627 elemento,
1088 3555 1119 3611 et
1134 3548 1279 3614 distantia
1290 3550 1330 3614 sit

230 3660 466 3726 fundamentum
481 3660 654 3739 voluminis,
670 3682 725 3723 seu
738 3658 838 3739 molis,
858 3681 927 3745 quae
941 3659 1035 3724 estin
1050 3660 1235 3745 corporibus,
1249 3670 1331 3726 recte

231 3772 388 3838 vocabitur
401 3770 551 3837 moleculu
565 3771 643 3836 illud
659 3780 800 3858 systema,
814 3772 848 3836 in
863 3779 1013 3857 quantum
1028 3772 1164 3837 continet
1178 3773 1253 3838 inse
1268 3773 1331 3839 dis-

231 3883 359 3949 tantiam
380 3882 524 3969 aliquam,
547 3890 601 3948 aut
623 3882 794 3947 distantias.
839 3881 958 3946 Iriccbit
980 3882 1076 3967 igitur
1097 3883 1261 3949 moleculas
1287 3885 1331 3950 sic

231 4002 368 4081 acceptas
391 3993 559 4079 generatim
585 3992 718 4060 dividere
742 3993 776 4058 in
801 4002 865 4059 trcs
886 3994 1006 4073 classes,
1028 3994 1062 4059 id
1083 4003 1131 4059 est
1144 3994 1177 4059 in
1191 3996 1330 4076 lincares,

232 4105 443 4192 superficiales,
458 4113 491 4169 ct
503 4104 676 4169 voluminis.
722 4104 797 4170 Haec
811 4127 881 4170 vero
896 4105 1013 4186 divisio,
1028 4114 1063 4169 ut
1077 4113 1172 4191 patet,
1193 4116 1240 4172 est
1261 4108 1331 4193 phi·
1374 4096 1379 4105 ’

231 4218 386 4304 losophica
403 4218 501 4303 magis
515 4240 608 4303 quam
622 4216 767 4304 physica:
789 4218 840 4282 vix
853 4218 936 4282 enim
950 4218 1070 4284 videtur
1091 4217 1233 4284 credibile
1247 4221 1331 4286 inve·

232 4329 291 4395 niri
314 4330 347 4395 in
370 4328 546 4416 compositis
571 4329 761 4395 naturalibus
786 4328 958 4410 moleculas,
982 4352 1050 4415 quae
1068 4339 1209 4395 constent
1231 4355 1259 4396 v.
1282 4355 1329 4417 gr.
