3200 4984
272 375 338 441 300
629 398 672 443 on
688 398 809 443 rursus
824 396 1016 443 conrrnurs.
1220 378 1306 464 [cnr.
1323 398 1378 443 111.

272 568 356 655 ptiva
370 577 457 635 actus
470 569 677 655 accidentalis)
691 592 748 636 nec
758 570 833 656 poni
841 570 925 636 hunc
939 578 1042 635 aetum
1052 569 1268 634 accidentalem
1277 570 1381 654 potius

273 703 365 766 quern
380 678 473 746 alium
490 682 573 763 (nrm
589 682 726 767 potentia
742 690 828 748 actus
843 682 995 767 receptiva
1009 691 1111 767 potest
1124 682 1266 768 pluribus
1279 681 1381 747 modis

273 792 385 878 attingi
404 814 462 878 pro
485 791 610 857 diversis
633 792 862 859 conditionibus
881 794 1053 879 localibus),
1068 793 1138 859 ideo
1157 795 1257 880 posite
1270 795 1379 873 forma,

272 912 414 969 sctustur
428 904 600 970 substantia
615 904 647 969 in
663 913 734 970 actu
749 906 894 987 secundo,
910 906 963 971 sed
978 928 1041 971 non
1056 916 1160 973 motus
1174 906 1380 987 accidentalis,

272 1039 362 1102 quem
384 1025 455 1103 apta
469 1026 516 1081 est
531 1024 671 1098 eetuare3
694 1027 725 1081 et
745 1018 815 1083 ideo
840 1019 948 1099 forma,
975 1018 1077 1105 quoad
1101 1019 1169 1099 hoc,
1196 1004 1380 1084 considerari

272 1128 364 1193 debet
392 1128 450 1193 sub
479 1137 629 1214 conceptu
659 1128 782 1194 νιιιιιιιι
808 1128 841 1194 in
868 1138 940 1194 netu
968 1129 1068 1215 primo
1098 1129 1264 1195 existentis.
1311 1130 1380 1194 Hoc

272 1242 374 1325 ipsum
388 1240 509 1305 ostendi
523 1250 635 1326 potest,
656 1241 771 1306 utendo
795 1242 1041 1326 expressionibus
1055 1243 1118 1307 sere
1132 1242 1252 1322 iisdem,
1267 1243 1380 1327 quibus

272 1352 443 1417 usi-sumus
457 1375 489 1416 n.
506 1355 558 1417 55.
604 1353 686 1417 Nam
701 1353 753 1419 illa
772 1353 894 1419 realitas
917 1365 1028 1434 create,
1049 1377 1085 1419 ex
1099 1342 1221 1441 quaest
1236 1354 1380 1441 produci-

272 1463 376 1529 bilitss
394 1472 536 1529 motuum
558 1464 827 1530 innumerabilium
843 1466 883 1531 ed
896 1475 991 1546 extra,
1006 1474 1054 1532 est
1067 1475 1154 1532 actus
1169 1466 1379 1533 substantialis

272 1586 403 1656 creatus,
428 1586 521 1662 prout
547 1575 621 1641 dicit
644 1575 783 1642 ordinem
807 1578 848 1643 ad
870 1588 973 1644 extra:
1011 1578 1098 1665 atqui
1126 1587 1214 1644 actus
1237 1578 1380 1643 snbstan-

272 1688 355 1753 tialis
377 1696 497 1753 creatus
519 1687 593 1754 dicit
614 1689 753 1754 ordinem
783 1690 822 1755 ad
851 1700 935 1756 extra
963 1714 1019 1777 per
1040 1714 1126 1755 suam
1150 1691 1380 1770 virtualitatem,

153 1810 156 1815 '
272 1801 440 1866 seeundum
452 1820 543 1887 quem
559 1801 729 1866 eminenter
744 1802 881 1867 continet
895 1802 1134 1868 innumerabiles
1147 1812 1235 1868 aetus
1249 1802 1380 1868 motivos

272 1912 490 1991 accidentales3
517 1936 590 1998 ergo
609 1913 663 1977 illa
682 1914 853 1978 virtualiter
873 1923 919 1979 est
940 1914 1017 1979 ratio
1039 1914 1238 1979 constitutiva
1257 1914 1380 1980 virtutis

273 2026 396 2091 motivae
418 2034 535 2091 creatae.
580 2026 722 2111 Insuper,
747 2026 774 2090 si
797 2026 1008 2091 annihilentur
1036 2026 1140 2091 omnia
1162 2026 1297 2091 materiae
1318 2026 1380 2091 ele-

273 2144 385 2217 menta,
401 2144 511 2222 praeter
524 2158 632 2216 unum,
654 2136 775 2202 deficiet
795 2138 896 2202 omnis
918 2146 1006 2202 actus
1023 2137 1157 2202 motivus
1171 2136 1210 2201 ob
1226 2136 1380 2202 defectum

272 2247 419 2333 potentiae
443 2246 605 2331 receptivae
629 2256 750 2312 motus:
774 2247 829 2312 sed
851 2257 996 2313 manente
1021 2248 1074 2312 illo
1099 2247 1250 2313 elemento
1269 2248 1303 2311 in
1323 2270 1381 2312 suo

272 2382 338 2424 esse
354 2358 558 2438 substantiali,
574 2366 678 2422 manet
693 2358 816 2424 realitas
830 2358 883 2423 illa
897 2382 952 2445 per
966 2382 1059 2445 quam
1074 2360 1221 2446 quaelibet
1234 2360 1380 2445 potentiae

273 2471 430 2556 receptivae
453 2480 566 2551 motus,
593 2471 620 2535 si
644 2470 786 2551 existant,
810 2470 941 2535 infinitis
964 2471 1064 2535 modis
1087 2470 1202 2537 actuari
1230 2481 1361 2557 possunt
1368 2497 1380 2549 3

274 2591 376 2647 manet
396 2582 535 2647 videlicet
557 2595 643 2647 actus
666 2581 877 2647 substantialis
897 2582 1067 2647 seeundum
1092 2592 1190 2647 totam
1213 2605 1300 2647 suam
1321 2584 1381 2647 vir·

274 2703 372 2760 tutem
387 2694 526 2773 activam,
541 2716 596 2779 per
614 2716 707 2778 quam
730 2694 891 2780 aequivalet
915 2694 1086 2759 eminenter
1103 2694 1247 2759 omnibns
1261 2694 1381 2759 actibus

273 2806 510 2873 accidentalibus
524 2830 542 2870 a
557 2830 588 2871 se
603 2806 857 2891 producibilibus.
901 2807 995 2887 Nam,
1016 2806 1226 2871 desinentibus
1245 2806 1381 2871 motibus

274 2942 311 2984 ex
337 2917 458 2985 defectu
479 2917 650 2998 mobilium,
674 2927 761 2983 actus
783 2918 835 2983 ille
858 2918 1070 2983 substantialis
1088 2940 1153 2983 non
1173 2918 1290 2983 desinet
1315 2941 1382 2982 esse

274 3031 417 3111 motinus,
443 3053 539 3117 quum
566 3039 676 3095 natura
696 3032 807 3097 suasit
828 3031 1049 3097 determinatus
1063 3031 1102 3095 ad
1117 3031 1311 3112 movendum,
1327 3031 1382 3097 sed

274 3151 408 3222 tantum,
422 3142 623 3228 pereuntibus
637 3143 786 3224 terminis,
801 3143 836 3207 in
850 3143 963 3230 quibus
977 3143 1179 3228 recipiebatur
1193 3142 1259 3208 eius
1273 3143 1381 3222 virtus,

274 3253 395 3319 amittet
421 3252 515 3317 reales
542 3253 805 3319 denominationes
834 3254 998 3340 acquisitas
1015 3278 1034 3319 ιι
1053 3254 1189 3319 motibus
1214 3263 1286 3319 ectu
1310 3276 1382 3339 pro·

275 3366 385 3446 ductis,
400 3365 503 3429 eterit
523 3365 655 3431 motinus
680 3374 802 3431 tantum
822 3365 856 3429 in
876 3375 947 3430 ectu
969 3365 1080 3450 primo.
1126 3366 1195 3430 Hoc
1214 3373 1317 3429 autem
1334 3372 1381 3429 est

274 3478 383 3557 dicere,
397 3477 543 3542 virtutem
560 3476 704 3542 motivam
719 3500 783 3542 esse
798 3476 1017 3541 virtualitatem
1031 3484 1117 3542 actus
1133 3475 1351 3541 substantialis.

318 3591 371 3655 64.
399 3588 555 3666 Quaeritur
583 3584 829 3675 quinto,ulrrrm'
847 3598 931 3653 actua
952 3590 1084 3653 πιουαιιιι
1104 3588 1178 3672 βαι
1200 3579 1306 3672 possit
1320 3590 1383 3653 sinc

275 3704 435 3768 mutatione
448 3703 569 3766 virtutis
582 3703 697 3766 moliare
711 3696 825 3766 creole

318 3817 501 3904 Respondeo
525 3816 720 3882 affirmative:
743 3824 774 3881 et
788 3840 826 3884 ex
844 3816 999 3902 praedictis
1022 3825 1116 3901 patet,
1134 3816 1179 3881 ita
1193 3838 1269 3896 esse,
1284 3838 1382 3902 quum

277 3929 390 3995 mutari
404 3930 444 3995 sit
460 3929 542 4014 pati:
565 3920 655 4013 agere
664 3937 768 3993 autem
788 3938 913 3993 nonest
927 3929 1003 4013 peti.
1049 3928 1162 4008 Quare,
1174 3951 1273 4014 quum
1280 3936 1384 3991 motus

274 4041 463 4127 producitur,
479 4038 558 4103 nihil
572 4038 656 4103 aliud
672 4040 820 4125 sequitur,
841 4038 902 4104 nisi
922 4038 1005 4124 quod
1020 4038 1256 4123 mobileineipit
1270 4037 1383 4102 habere

274 4152 433 4218 formalem
459 4150 663 4215 actuationem
689 4158 792 4215 motus
812 4150 846 4214 in
867 4150 976 4235 seipso,
993 4173 1050 4244 per
1068 4173 1162 4237 quarn
1187 4149 1382 4235 respondebit

275 4262 356 4329 actui
370 4261 524 4327 causativo
540 4270 575 4326 ιιι
590 4260 761 4326 continenti
780 4261 847 4325 eius
861 4261 1029 4327 rationem:
1053 4257 1139 4326 ectus
1153 4260 1234 4324 enim
1251 4260 1384 4325 motivus

274 4372 468 4437 accidentalis
482 4371 657 4437 continetur
674 4372 845 4437 eminenter
859 4372 892 4436 in
907 4381 979 4437 actu
998 4372 1193 4437 substantiali
1213 4372 1382 4437 moventis:
