3200 4984
209 369 280 413 oar.
298 351 338 435 1.]
534 371 576 415 nn
593 370 797 414 auasraurra
814 368 995 415 conrasas.
1269 348 1309 411 91

207 532 350 619 negando
373 535 605 620 separationem,
628 532 801 619 prooedunt
824 532 865 598 ad
889 531 1063 618 negandam
1089 529 1239 597 actualem
1265 530 1312 595 di·

209 647 417 713 stinctionem.
463 647 532 716 Hoc
546 667 617 711 vero
630 654 679 711 est
693 645 906 731 sophisticum.

254 757 387 835 Quando
401 779 471 823 vero
485 757 604 837 dicunt,
623 779 788 821 numerum
808 755 880 819 oriri
899 777 936 819 ex
955 753 1113 833 divisione,
1127 752 1314 839 responden-

210 869 285 934 dum
299 877 357 948 est,
372 868 445 933 oriri
464 867 556 933 etiam
576 890 612 932 ex
632 867 869 952 compositione3
892 864 940 930 vel
957 874 1058 951 potest
1080 864 1230 949 distingui
1250 864 1313 929 sic:

210 1002 359 1045 numerus
373 987 486 1064 quotus
500 977 666 1044 artificialis
680 977 778 1057 oritur
788 998 826 1041 ex
836 975 985 1041 divisione
999 974 1148 1054 continui,
1163 974 1314 1041 concedo:

212 1114 359 1157 numerus
384 1091 504 1157 entium
528 1089 727 1169 naturalium,
750 1110 842 1173 nego.
896 1088 978 1153 Nam
1001 1088 1109 1154 divisio
1132 1087 1212 1154 nihil
1234 1095 1316 1153 creat

211 1183 423 1283 substantiale,
449 1202 503 1268 sed
532 1203 679 1288 supponit
693 1200 837 1282 ,matare
865 1222 901 1265 ea
929 1201 1043 1280 omnia,
1068 1222 1137 1287 qua
1164 1221 1220 1285 per
1247 1220 1315 1265 eam

212 1320 401 1401 separantur.
1250 1358 1254 1367 .

259 1430 310 1492 13.
332 1426 380 1492 llx
399 1425 489 1493 dictis
508 1424 755 1491 manifestissime
775 1424 924 1511 arquitur,
944 1446 995 1489 eos
1017 1422 1071 1511 qui
1084 1432 1206 1510 ponunt
1220 1434 1316 1487 mate-

212 1539 291 1606 riam
305 1537 494 1616 continuam,
513 1536 623 1601 debere
640 1535 744 1617 etism,
764 1536 792 1601 si
810 1536 869 1601 sibi
886 1536 1057 1621 consentire
1077 1535 1181 1615 velint,
1202 1534 1314 1601 admit-

214 1660 288 1729 tere,
310 1649 525 1729 multitudinem
541 1656 610 1713 octa
629 1647 776 1733 infinitam
792 1650 931 1731 partium
952 1649 1172 1713 coniunctomm
1193 1649 1318 1711 eratne

213 1760 344 1827 emaum
362 1760 489 1843 uudiprte
515 1760 656 1837 taminia,
679 1781 735 1823 seu
754 1758 919 1824 habentem
941 1759 1075 1844 primum
1098 1767 1129 1824 et
1151 1758 1317 1824 ultimum:

214 1856 466 1957 quae'multitudo
480 1891 577 1955 quum
592 1870 633 1933 sit
648 1869 862 1935 distinctarum
884 1869 1134 1952 substantiarum,
1150 1878 1235 1956 patet
1254 1871 1318 1936 fore

214 1982 352 2046 infinitas
365 1989 437 2046 actu
457 1980 600 2046 materias
618 1988 651 2045 et
669 1979 806 2045 infinitas
825 1989 896 2046 actu
915 1981 1029 2047 formas
1045 1981 1079 2046 in
1094 1981 1230 2067 quolibet
1246 2004 1317 2047 oon·

214 2093 303 2157 tinuo
326 2090 476 2156 materiali
500 2090 549 2155 vel
572 2090 711 2155 minimo.
759 2090 807 2154 Ex
829 2113 892 2176 quo
915 2091 1052 2176 legitime
1077 2092 1183 2157 inferri
1205 2101 1316 2178 potest,

215 2203 367 2269 eiusmodi
381 2203 565 2268 sententiam
579 2224 645 2267 esse
659 2210 897 2281 monstruosam,
912 2220 975 2267 non
990 2203 1242 2289 philosophicam.

262 2316 346 2380 Hine
364 2314 546 2393 Goudinius,
569 2313 623 2398 qui
644 2321 692 2378 est
713 2335 795 2377 unus
817 2336 854 2378 ex
876 2313 1029 2379 acerrimis
1052 2314 1319 2399 peripateticorum

216 2428 351 2506 athletis,
366 2425 489 2513 quando
503 2424 611 2509 incipit
626 2446 716 2509 agere
730 2424 769 2489 de
783 2423 941 2504 contiuuo,
956 2423 1115 2511 premittit
1132 2425 1197 2490 haec
1211 2423 1319 2491 verba:

217 2541 399 2625 Mystes-ium
417 2538 652 2623 philosophicum
673 2545 717 2601 est
739 2538 800 2601 tec
821 2537 988 2621 difficulter,
1011 2538 1043 2601 in
1068 2560 1127 2621 qua
1150 2540 1229 2603 ratio
1248 2538 1320 2622 plna

212 2654 332 2738 modat,
347 2673 436 2735 psum
446 2650 545 2735 poscit
561 2648 740 2733 iutellipera:
757 2648 829 2732 plue
848 2649 959 2728 obiicit,
980 2671 1068 2741 quum
1083 2650 1181 2733 possit
1200 2649 1319 2715 solome.

220 2764 263 2829 Et
281 2762 374 2848 paulo
395 2768 467 2846 post
487 2757 676 2844 respondens
698 2757 873 2824 difficultati
895 2758 1000 2844 petitae
1022 2781 1059 2823 ax
1078 2758 1200 2824 infinita
1219 2759 1322 2825 divisi-

221 2990 369 3072 infinitum
387 2985 557 3063 divisibiles,
576 2983 632 3047 hoc
650 2982 868 3067 inteltipcudum
887 2991 931 3047 eat
952 2984 1163 3065 umthernatice,
1183 3007 1241 3048 nou
1255 3007 1322 3049 vcro

217 3100 341 3185 physice
353 3124 364 3161 .-
386 3097 421 3161 id
432 3104 477 3161 cst
490 3094 698 3161 confidem
711 3096 906 3178 pwntitotem
921 3096 1045 3179 medea
1057 3097 1215 3159 remaclum
1233 3118 1274 3175 ae,
1289 3106 1324 3162 ut

223 3235 287 3276 com
294 3210 385 3275 auoit
392 3208 623 3284 mothenotieus,
631 3227 691 3270 aon
700 3227 767 3269 vero
777 3212 813 3269 ut
823 3212 867 3271 eat
875 3207 1046 3291 proprietas
1052 3207 1160 3293 forme
1170 3230 1323 3291 comarco,

222 3325 299 3387 sieut
319 3344 384 3386 com
404 3319 569 3384 conciderat
583 3319 747 3401 pityrion:
770 3339 839 3381 nam
855 3319 1006 3401 muniri
1030 3319 1145 3383 tondeo
1164 3327 1267 3403 peccet
1286 3320 1327 3383 od

217 3441 336 3521 portem
350 3434 395 3499 ito
405 3433 564 3511 minimum,
575 3438 610 3494 ut
623 3429 763 3493 mem
773 3428 856 3491 nullo
863 3428 968 3509 formu
978 3431 1125 3495 naturalia
1132 3432 1204 3514 pati
1211 3438 1324 3515 posset.

224 3546 377 3625 Attamen,
392 3543 594 3607 mmhmutiee
607 3539 758 3623 loquendo,
774 3540 806 3603 in
820 3540 873 3605 illu
887 3542 1008 3605 miniano
1020 3550 1111 3625 porte
1124 3542 1218 3606 adhue
1231 3551 1326 3607 carent

224 3660 288 3724 aaa
301 3657 479 3733 medietates,
494 3662 524 3718 et
545 3655 578 3717 in
591 3651 653 3716 illia
665 3652 777 3717 autea
796 3652 1000 3717 medietatibus
1018 3653 1085 3718 oliae
1102 3655 1279 3733 raedictotca,
1295 3662 1325 3718 et

223 3772 268 3836 sie
281 3771 314 3833 in
327 3767 484 3853 infinitum.
523 3763 599 3828 Hoc
614 3762 787 3827 Goudinius
801 3784 838 3827 ex
854 3763 887 3827 S.
903 3762 1020 3827 Thomu
1037 3767 1066 3828 1.
1078 3763 1195 3850 physic.
1207 3763 1277 3828 leot.
1293 3767 1324 3829 9.

227 3882 304 3960 Qnae
320 3878 410 3944 verba
424 3877 451 3943 si
465 3877 543 3941 hene
561 3874 802 3955 considerentur,
823 3872 940 3959 patebit
960 3895 1116 3939 summum
1136 3896 1264 3938 acumen
1279 3876 1326 3938 in-

228 3992 311 4078 genii
324 3991 420 4057 fuisse
434 3988 608 4054 adhibitum
628 3986 667 4051 ad
687 3986 839 4051 tollendas
858 3984 1122 4066 contradictiones,
1145 4008 1214 4071 quae
1235 3985 1326 4051 undi-

227 4127 287 4190 que
300 4102 455 4190 pullulant
469 4123 506 4165 ex
519 4098 721 4165 continuitate
734 4098 890 4162 materias:
913 4097 967 4161 sed
986 4105 1091 4162 tamen
1111 4105 1236 4182 apparet
1255 4118 1327 4160 con·

227 4214 423 4282 tradictiones
438 4212 519 4299 ipsas
534 4211 634 4277 adhuc
649 4196 780 4275 manere.
812 4210 893 4275 Nam
905 4230 968 4273 non
981 4209 1080 4274 solum
1095 4208 1191 4294 gratis
1207 4207 1328 4287 dieitur,

228 4327 360 4413 aliquam
376 4348 442 4390 esse
457 4332 574 4409 partem
589 4322 766 4387 continuam
782 4322 825 4385 ita
845 4321 1021 4401 minimam,
1031 4334 1066 4385 ut
1080 4320 1230 4385 minorem
1245 4320 1330 4385 nulla
