3200 4984
214 400 283 444 cnr.
301 381 371 466 us]
572 404 614 446 nn
631 402 751 445 rursus
767 402 957 446 cormunis.
1246 384 1310 447 305

214 564 341 629 alterare
366 565 510 630 virtutem
540 567 668 631 activam
691 567 890 632 resultantem
915 565 1152 650 incomposito,
1176 566 1236 630 nisi
1257 588 1312 650 per

214 686 334 742 motum
348 678 473 745 localem
489 680 556 745 eius
569 680 706 766 partibus
726 680 918 765 impressum.
963 678 1055 755 Quod
1076 688 1179 743 autem
1201 701 1312 762 corpus

214 788 384 855 animatum
398 791 508 856 habeat
523 794 712 878 operationes
727 794 798 859 vitoe
820 793 981 872 sensitivae,
995 792 1054 856 hoc
1069 814 1133 856 non
1145 792 1218 855 facit
1233 792 1311 856 diffi-

215 900 359 968 cultatem
369 930 379 981 ;
402 926 475 967 nam
502 905 598 969 vivere
623 905 758 989 procedit
782 928 818 969 ex
839 904 951 968 virtute
977 904 1086 967 auimae
1108 903 1311 981 informantis,

215 1036 278 1078 nou
293 1037 329 1078 ex
342 1016 427 1101 puris
442 1016 557 1081 viribus
572 1018 716 1083 materia.

260 1130 310 1193 ⁷1.
334 1126 488 1203 Quoeritur
511 1130 698 1209 duodecimo,
721 1153 761 1204 ao
781 1133 813 1193 r'o
833 1131 999 1193 adstantia
1021 1129 1312 1192 immateriali-detur

214 1247 310 1305 motus
323 1242 450 1306 virtutis.
1205 1286 1209 1293 ·

258 1350 438 1437 Respondeo
460 1353 646 1437 affirmative,
662 1354 687 1418 ri
704 1355 800 1428 virtus
821 1362 960 1417 sumatur
981 1373 1036 1436 pro
1050 1351 1194 1416 facultate
1209 1351 1310 1437 aliqua

213 1462 369 1549 adaequate
391 1475 530 1553 sumpta:
562 1467 700 1557 negative
721 1476 835 1546 sutem,
858 1466 884 1530 si
905 1465 1002 1529 virtus
1024 1474 1163 1528 sumatur
1188 1463 1311 1548 praecise

214 1576 317 1659 provi
339 1578 445 1641 activa.
489 1578 580 1643 Ratio
603 1578 712 1670 prioris
733 1587 790 1657 est,
805 1577 890 1664 quod
911 1576 1083 1641 substantia
1103 1574 1311 1639 immaterialis

213 1685 306 1753 habet
320 1689 514 1770 activitatem,
524 1714 585 1777 qua
600 1690 728 1776 seipsam
739 1690 903 1755 intrinsece
916 1688 1087 1752 modificare
1101 1697 1213 1779 potest,
1224 1696 1310 1750 actus

213 1798 415 1865 immanentes
437 1803 631 1887 producendo
645 1830 652 1869 ε
676 1804 728 1868 sed
743 1802 808 1867 haeo
822 1802 952 1865 mutatio
967 1802 1088 1886 respicit
1103 1800 1309 1885 passivitatem

213 1911 322 1976 animae
347 1914 386 1995 (v.
402 1936 447 1997 gr.
464 1914 527 1979 vim
548 1916 729 2001 receptivam
751 1915 920 1999 specierum
935 1922 989 1977 aut
1009 1913 1228 1997 affectionum),
1246 1935 1308 1976 non

213 2020 311 2107 ipsam
326 2023 386 2087 vim
410 2026 538 2089 activam
556 2026 741 2109 (intuitivam
756 2035 810 2090 aut
824 2026 1012 2108 electivam);
1035 2033 1121 2089 actus
1135 2025 1217 2088 enim
1233 2025 1309 2089 acci·

214 2133 343 2199 dentalis
357 2135 393 2200 fit
412 2136 559 2201 intensior
574 2136 620 2202 vel
642 2138 795 2202 remissior
816 2160 880 2201 non
902 2136 974 2221 quia
987 2136 1084 2199 virtus
1104 2136 1200 2199 activa
1221 2135 1255 2198 in
1277 2158 1309 2199 se

213 2246 266 2310 fiat
286 2248 382 2312 maior
404 2257 457 2312 aut
478 2250 589 2329 minor,
606 2250 659 2314 sed
673 2248 917 2339 quiaimpressio
932 2248 1041 2313 obiecti
1056 2248 1089 2311 in
1104 2248 1249 2333 potentiis
1263 2271 1309 2311 re·

213 2359 339 2444 captivis
358 2360 466 2425 animas
488 2368 534 2424 est
554 2360 715 2446 perfectior
734 2369 788 2425 aut
810 2360 1023 2445 imperfectior,
1039 2371 1070 2423 et
1092 2359 1135 2423 sic
1156 2359 1309 2424 obiectum

212 2470 314 2555 ipsum
329 2472 365 2535 fit
379 2472 584 2556 attingibilius
604 2481 657 2537 aut
674 2473 778 2537 minus
798 2472 972 2557 attingibile
991 2471 1050 2555 ipsi
1065 2471 1177 2534 virtuti
1186 2472 1307 2535 activae:

213 2590 249 2676 ut
263 2582 337 2646 alibi
350 2583 576 2668 explicabimus.
622 2585 708 2650 Sicut
723 2584 901 2669 ergovirtus
916 2582 1080 2647 materialis
1095 2604 1156 2646 non
1172 2591 1309 2646 mutatur

198 2757 200 2761 .
212 2692 341 2777 eoquod
353 2694 567 2778 applicationes
577 2695 687 2760 habeat
696 2696 827 2759 diversas
836 2718 892 2779 pro
903 2694 1075 2759 diversitate
1084 2694 1307 2769 distantiarum,

211 2804 255 2869 ita
270 2804 365 2869 virtus
379 2806 594 2871 intellectualis
608 2806 705 2871 activa
720 2829 783 2871 non
802 2815 941 2871 mutatur
960 2828 996 2869 eo
1011 2805 1093 2890 quod
1107 2805 1240 2889 attingat
1254 2805 1308 2869 ob-

212 2915 324 2980 iectum
349 2916 548 2982 diversimode
571 2926 819 3003 repraesentatum
842 2917 875 2982 in
898 2917 1013 3002 specie:
1043 2918 1101 2981 etsi
1123 2917 1204 2980 enim
1227 2940 1309 2981 unus

212 3035 298 3097 actus
313 3027 371 3091 alio
387 3036 432 3091 est
446 3028 616 3112 perfectior,
627 3052 688 3093 non
700 3038 803 3094 tamen
819 3038 905 3093 actus
917 3039 962 3093 est
977 3029 1010 3093 in
1022 3038 1131 3113 agente
1142 3038 1178 3092 ut
1189 3037 1309 3113 agente,

213 3138 266 3203 sed
280 3140 424 3204 terminat
439 3140 633 3221 activitatem,
649 3164 717 3227 quae
740 3150 786 3205 est
806 3142 839 3204 in
857 3150 966 3225 agente
981 3140 1148 3205 formaliter
1163 3149 1308 3225 spectato,

212 3261 243 3314 et
257 3251 290 3315 in
305 3251 478 3335 passivitate
494 3252 670 3317 substantiae
685 3252 805 3338 agentis
817 3253 970 3337 recipitur,
980 3274 1033 3315 seu
1049 3252 1081 3315 in
1093 3261 1203 3336 agente
1214 3262 1309 3317 mate-

212 3362 327 3426 rialiter
352 3372 497 3447 spectato.
542 3364 763 3445 Nihilominus,
787 3364 859 3449 quia
882 3387 910 3428 v.
935 3386 982 3448 gr.
1007 3364 1103 3427 virtus
1125 3364 1309 3429 intellectiva

213 3473 369 3559 adaquate
391 3484 513 3560 sumpta
534 3475 663 3540 includit
686 3498 748 3541 non
771 3477 870 3541 solum
884 3477 946 3541 vim
970 3476 1110 3554 activam,
1125 3484 1255 3560 quaeest
1270 3476 1307 3539 ad

212 3586 406 3666 intuendum,
421 3587 473 3651 sed
488 3587 580 3651 etiam
591 3587 652 3651 vim
668 3589 829 3671 passivam,
841 3610 909 3672 quae
923 3595 970 3649 est
984 3586 1023 3649 ad
1039 3584 1225 3670 recipiendas
1240 3608 1308 3670 spe·

213 3697 273 3769 cies
292 3697 330 3760 ab
353 3697 488 3778 obiectis,
506 3707 536 3762 et
551 3699 596 3763 vis
617 3698 682 3763 haec
700 3700 819 3785 passiva
840 3722 894 3783 per
913 3696 1117 3781 receptionem
1139 3698 1308 3782 specierum
1350 3722 1354 3727 ’

211 3808 375 3892 perficitur,
398 3819 428 3874 et
457 3809 529 3895 quia
551 3823 637 3875 actus
666 3810 731 3894 ipse
755 3809 940 3887 intuitionis,
963 3831 981 3872 a
1003 3831 1065 3893 quo
1086 3809 1182 3872 virtus
1211 3810 1308 3873 activa

212 3913 323 3985 dicitur
349 3920 498 4001 intuitiva,
518 3929 605 3985 tanto
633 3931 679 3985 est
703 3920 872 4005 perfectior,
899 3928 1018 4004 quanto
1043 3918 1141 4003 magis
1166 3929 1308 3984 actuatur

211 4032 348 4117 potentia
377 4034 496 4116 passiva
524 4032 681 4117 speciebus
710 4031 961 4117 intelligibilium,
991 4031 1059 4095 ideo
1094 4030 1206 4095 dicitur
1235 4031 1307 4095 sim·

211 4143 330 4235 pliciter
351 4143 455 4227 perfici
485 4144 580 4207 virtus
609 4143 810 4209 intellectiva:
847 4142 961 4207 moveri
986 4151 1087 4205 autem
1117 4142 1251 4227 rigorose
1275 4152 1307 4207 et

212 4257 315 4321 stricte
330 4278 392 4319 non
408 4256 529 4336 dicitur,
544 4256 604 4319 nisi
619 4256 786 4321 secundum
802 4278 868 4319 eam
884 4255 977 4319 solam
994 4263 1121 4338 partem,
1138 4253 1307 4319 secundum

211 4392 302 4455 quam
317 4367 409 4432 habet
424 4368 647 4452 passivitatem:
671 4377 701 4431 ct
713 4367 853 4431 similiter
864 4365 1028 4430 dicendum
1037 4375 1082 4429 est
1095 4366 1131 4429 de
1141 4366 1305 4443 voluntate,

1112 4502 1131 4540 x
