3200 4984
299 388 343 451 98
618 406 660 448 nn
676 402 881 447 sunsrnrvrrn
898 400 1079 445 conrnune.
1273 376 1361 460 [car.
1378 395 1404 437 1.

300 574 379 654 fluit,
405 581 436 639 et
462 561 544 659 quod
567 570 691 637 fluendo
717 570 808 635 debet
833 568 987 655 acquirere
1011 564 1230 643 extensionem,
1255 572 1303 627 est
1327 560 1407 625 illud

300 687 413 773 ipsum,
425 684 508 770 quod
519 706 582 749 non
593 683 717 748 fluendo
728 704 791 747 non
806 681 965 746 habuisset
974 679 1194 757 extensionem,
1204 676 1237 740 id
1246 682 1293 738 est
1301 674 1406 759 ipsum

300 798 419 863 instans
448 794 641 861 indivisibile.
698 794 823 859 Falsum
853 801 899 857 est
929 801 1044 869 autern,
1073 791 1193 854 instans
1223 785 1409 851 indivisibile

301 908 424 975 fluendo
438 907 593 993 anquirere
607 906 815 971 extensionem
824 931 833 983 ;
856 905 945 969 etsie
967 902 1122 968 debuisset
1140 901 1260 965 dicere:
1284 900 1408 962 Iratam

294 1020 415 1103 fluendo
429 1021 529 1104 epact
542 1019 746 1096 extensionem,
763 1018 831 1081 licet
845 1016 955 1080 nullam
970 1016 1115 1099 acquirat.
1148 1010 1210 1076 sed
1225 1032 1288 1074 non
1304 1007 1408 1093 potuit

301 1132 346 1197 ita
360 1130 454 1216 loqui,
470 1129 542 1215 quia
557 1150 614 1193 suo
629 1150 662 1193 se
676 1128 776 1193 cultro
791 1128 970 1211 iugulasset.

347 1244 398 1307 16.
425 1241 553 1305 Odiieier
573 1242 618 1305 2⁰.
650 1239 683 1303 Si
709 1241 891 1303 continuum
916 1235 1069 1301 materiale
1092 1240 1288 1319 repugnaret,
1316 1252 1410 1295 omne

302 1352 483 1419 continuum
498 1359 701 1437 repugnaretr
723 1350 814 1415 etsie
831 1348 973 1433 neganda
996 1354 1075 1413 esset
1101 1344 1290 1411 continuitas
1316 1342 1409 1427 spatii

303 1487 338 1531 ac
360 1462 516 1550 temporis.
563 1462 625 1527 Sed
645 1461 704 1528 hoc
725 1471 773 1526 est
794 1460 927 1538 falsum3
949 1468 1071 1544 ergoet
1091 1457 1178 1523 illud.
1224 1456 1316 1520 Prob.
1336 1454 1409 1518 mai.

304 1576 387 1641 Nam
401 1574 494 1641 ctiam
509 1574 643 1659 spatium
658 1582 690 1639 et
706 1581 830 1658 tempus
850 1572 1042 1637 continerent
1062 1581 1134 1635 actu
1151 1568 1306 1633 infinitam
1329 1566 1409 1631 mul·

302 1686 470 1754 titudinem
497 1685 730 1751 indivisibilium
755 1684 896 1749 terminis
921 1683 1054 1749 clausam
1066 1708 1076 1760 ;
1099 1682 1172 1766 quia
1197 1704 1262 1745 non
1286 1701 1410 1762 compo-

304 1805 453 1863 nerentur
467 1796 527 1861 nisi
541 1819 577 1862 ex
592 1797 715 1882 punctis
730 1804 761 1861 et
775 1794 964 1860 instantibus
978 1793 1158 1859 inextcnsis.

348 1907 531 1993 Respondeo
552 1931 583 1972 n.
598 1910 678 1972 Mai.
694 1916 724 1972 et
731 1910 906 1992 paritatem.
951 1906 1044 1970 Ratio
1066 1915 1122 1983 est,
1139 1904 1211 1989 quia
1231 1904 1412 1988 spatiumst

303 2028 426 2105 tempus
441 2040 504 2083 non
519 2027 592 2084 sunt
608 2019 799 2098 substantiae,
813 2018 867 2085 sed
882 2018 1043 2083 relationes
1058 2018 1138 2081 inter
1153 2016 1288 2081 diversos
1303 2014 1412 2078 modos

304 2130 426 2196 essendi
448 2129 701 2195 substantiarum.
746 2130 830 2194 Hinc
853 2131 928 2194 dum
951 2129 1132 2194 continuum
1156 2126 1295 2192 materiae
1320 2126 1412 2191 debet

305 2242 419 2307 habere
432 2247 534 2328 partes
548 2241 644 2306 reales
659 2241 801 2328 physicas
816 2248 847 2305 et
863 2240 1079 2305 substantiales
1094 2238 1264 2303 formaliter
1280 2238 1412 2301 existen·

305 2364 371 2434 tes3
394 2353 528 2439 spatium
543 2361 574 2416 et
588 2361 712 2436 tempus
727 2361 833 2417 contra
847 2374 908 2415 non
925 2351 1067 2435 indigent
1082 2351 1143 2414 nisi
1163 2349 1304 2433 partibus
1314 2349 1412 2413 virtu-

305 2464 414 2545 alibus,
429 2464 524 2529 idest
539 2465 668 2529 entitate
683 2463 815 2549 quadam
832 2462 973 2548 simplici,
990 2462 1077 2526 cuius
1096 2462 1217 2525 realitas
1233 2460 1413 2545 aequivaleat

305 2576 476 2641 eminenter
503 2575 647 2639 omnibus
684 2574 823 2659 partibus
860 2572 1084 2657 cogitabilibus.
1132 2572 1216 2635 Hinc
1253 2570 1414 2655 quodlibet

307 2687 441 2772 spatium
463 2693 495 2750 et
517 2686 676 2771 quodlibet
698 2694 821 2771 tempus
843 2707 906 2748 non
929 2684 1036 2747 dicunt
1054 2683 1143 2767 plura
1156 2683 1249 2747 realia
1262 2682 1414 2761 formalia,

307 2796 361 2861 sed
384 2795 491 2860 dicunt
514 2817 613 2859 unum
638 2796 767 2880 simplex
781 2796 951 2859 virtualiter
975 2794 1136 2858 continens
1160 2794 1259 2877 plura.
1305 2793 1413 2870 Quum

306 2915 410 2972 autem
430 2905 524 2988 longe
546 2906 663 2971 diversa
681 2905 722 2970 sit
736 2906 872 2969 conditio
887 2905 1025 2969 continui
1040 2904 1261 2985 substantialis,
1277 2914 1312 2968 ut
1328 2914 1415 2989 patet

306 3040 344 3081 ex
359 3016 459 3096 dictis,
475 3016 616 3101 sequitur
629 3039 696 3080 non.
708 3038 797 3101 posse
811 3017 877 3081 fieri
893 3024 998 3081 eontra
1013 3016 1248 3081 continuitatem
1272 3018 1363 3101 spatii
1384 3027 1416 3081 et

307 3126 455 3213 temporis
491 3128 771 3211 argumentationes
802 3129 942 3213 superius
971 3128 1066 3192 factas
1096 3140 1203 3193 contra
1231 3131 1416 3193 continuum

308 3239 454 3304 materiae.

351 3348 404 3414 Ad
414 3350 499 3436 prob.
523 3350 595 3413 mai.
616 3351 685 3414 drot.
708 3360 769 3415 ant.
817 3350 1019 3414 Continerent
1040 3358 1111 3413 actu
1131 3349 1286 3414 infinitam
1305 3350 1415 3414 multi·

308 3460 450 3527 tudinem
457 3460 616 3545 fmmulem
640 3460 869 3525 indivisibilium
895 3460 1035 3524 terminis
1058 3460 1193 3526 clausam
1219 3484 1248 3525 u.
1266 3471 1329 3526 aab
1345 3462 1415 3525 infi-
1535 3540 1539 3547 Ι

308 3573 406 3637 nitam
422 3571 652 3636 multitudinem
667 3574 831 3651 virtualem,
846 3572 878 3636 id
894 3582 939 3635 est
955 3595 1052 3636 unum
1069 3572 1253 3657 aequivalens
1275 3573 1417 3652 infinitis,

309 3693 341 3748 et
365 3682 505 3749 terminis
528 3682 676 3760 clausum,
692 3682 725 3745 id
740 3692 786 3746 est
816 3681 982 3746 extrinseca
1008 3682 1257 3746 denominatione
1278 3683 1417 3747 denomi-

310 3809 419 3858 natum
434 3817 452 3858 a
466 3792 606 3857 terminis
620 3803 704 3856 extra
719 3815 751 3857 se
766 3791 873 3876 positis
889 3814 912 3855 e.
931 3802 992 3855 ont.
1008 3801 1039 3856 et
1053 3816 1084 3857 n.
1099 3816 1177 3858 conc.
1201 3793 1253 3857 Ad
1267 3796 1417 3859 rationem

312 3906 447 3971 additam
462 3904 604 3969 similiter
617 3905 785 3987 distinguo:
809 3926 872 3967 non
888 3914 1142 3989 componerentur
1160 3906 1221 3969 nisi
1239 3929 1276 3969 ex
1294 3888 1419 3990 punctis

312 4025 344 4079 et
358 4016 547 4081 instantibus
561 4014 797 4079 indivisibilibus
811 4014 932 4099 proprie
946 4015 1099 4099 loquendo
1113 4040 1142 4080 n.
1160 4026 1222 4081 unt.
1239 4017 1271 4081 id
1285 4027 1343 4098 est,
1355 4042 1420 4083 non

311 4127 419 4191 fierent
435 4126 495 4189 nisi
509 4148 564 4209 per
577 4126 693 4188 fluxum
709 4125 816 4208 puncti
832 4134 862 4187 et
877 4126 1021 4189 instantis
1035 4128 1116 4191 subd.
1132 4127 1158 4190 si
1173 4136 1285 4211 agatur
1301 4129 1420 4195 defieri

312 4240 433 4320 proprie
458 4244 490 4299 et
515 4236 694 4320 simpliciter
714 4258 786 4319 nepo
809 4238 933 4331 iterum3
957 4237 982 4300 si
1002 4237 1217 4321 intelligantur
1236 4240 1303 4304 fieri
1325 4240 1419 4306 deno-

312 4346 456 4410 minative
471 4345 544 4409 talia
559 4369 584 4411 c.
601 4356 661 4410 ont.
707 4346 758 4410 Ad
776 4369 847 4430 quae
867 4349 970 4413 omnia
991 4357 1073 4414 recte
1088 4350 1292 4435 intelligenda
1307 4363 1420 4417 notan-
