3200 4984
198 386 270 429 ese.
289 368 358 451 nn]
554 390 596 431 nn
613 389 811 434 scssrnnrm
834 388 1017 434 consonas.
1233 370 1302 435 213

198 562 255 632 est,
271 554 354 638 quod
373 554 451 618 vires
468 576 494 632 r,
515 563 679 639 postquam
699 564 839 619 centrum
860 554 985 619 alterius
1005 553 1160 618 moleculae
1177 556 1299 619 transiit

198 685 255 748 per
269 686 370 728 aarum
387 664 525 750 planum,
540 688 594 749 per
609 688 696 729 suam
710 666 914 751 repulsionem
928 676 1115 731 concurrunt
1130 666 1169 732 ad
1183 690 1299 752 augen-

198 774 269 838 dam
284 775 472 839 tendentiam
495 776 657 861 utriusque
675 777 829 842 moleoulae
852 777 891 841 ad
912 777 1186 858 combinationem
1209 788 1241 842 et
1255 780 1298 843 sic

198 908 306 965 causa,
322 910 390 972 quae
404 888 490 972 prins
510 887 678 953 tendebant
698 888 737 953 ad
756 889 1042 975 propinquationem
1062 889 1298 974 impediendam,

198 998 319 1061 minuta
346 999 530 1062 sufficienter
559 998 713 1079 distantia,
742 999 897 1085 incipiunt
924 1001 983 1085 ipsi
1012 1001 1299 1086 appropinquationi

197 1109 308 1174 favere.
354 1110 427 1174 Non
448 1133 520 1195 ergo
541 1120 587 1175 cst
602 1111 724 1191 mirum,
748 1111 774 1175 si
789 1113 822 1175 in
838 1112 973 1176 minimis
994 1111 1147 1175 distantiis
1161 1112 1301 1176 videatur

197 1222 338 1285 attractio
347 1222 413 1286 fieri
422 1222 527 1302 maior,
539 1246 632 1309 quam
641 1222 691 1287 lex
701 1223 852 1306 generalis
863 1225 1031 1308 permittat.
1077 1222 1138 1287 Sed
1149 1225 1188 1287 ad
1199 1223 1298 1309 legem

192 1331 274 1395 hanc
289 1332 435 1396 tuendam
449 1333 561 1397 sufficit
576 1340 691 1411 notare,
711 1333 813 1417 legem
830 1334 928 1418 ipsam
950 1356 1013 1398 non
1033 1334 1182 1419 respicere
1203 1335 1297 1398 actio·

194 1465 265 1506 nem
276 1443 472 1509 moleculaein
482 1443 671 1525 moleculam,
682 1444 895 1510 seductionem
904 1446 1090 1510 elementiin
1099 1446 1295 1511 elementum.

243 1558 316 1619 121.
341 1556 492 1635 Soliditaa,
508 1557 671 1641 liquiditas,
678 1557 818 1639 fluiditaa
831 1559 1002 1642 taponaco.
1035 1556 1170 1643 Corpora
1184 1558 1299 1622 babent

196 1668 290 1732 etiam
319 1668 462 1753 speciales
491 1669 710 1753 proprietates:
741 1678 773 1733 et
802 1669 902 1754 primo
931 1669 1075 1733 dicuntur
1103 1680 1134 1733 et
1160 1679 1233 1734 sunt
1251 1670 1298 1735 vel

198 1779 304 1857 solida,
328 1780 374 1844 vel
398 1780 525 1865 liquida,
549 1780 596 1845 vel
619 1780 724 1845 fluida.
785 1780 929 1845 Soliditas
958 1791 1005 1845 est
1028 1790 1128 1845 status
1156 1782 1298 1866 corporis,

197 1892 285 1955 cuius
300 1901 402 1976 partes
416 1892 604 1975 integrantes
621 1892 678 1955 sibi
693 1892 752 1955 fixe
766 1891 930 1955 cohaerent.
956 1891 1128 1977 liquiditas
1139 1901 1186 1956 est
1201 1902 1301 1957 status

197 2004 343 2087 corporis,
357 2004 443 2067 cuius
463 2013 564 2088 partes
584 2004 773 2087 integrantes
795 2003 854 2067 sibi
870 2004 1004 2067 tenuiter
1026 2004 1190 2082 adhaerent,
1206 2005 1249 2068 ita
1264 2014 1300 2068 ut

196 2115 317 2199 possint
340 2115 405 2178 aliae
422 2115 499 2179 circa
519 2115 592 2179 alias
611 2115 700 2179 facile
719 2116 849 2179 effluere.
895 2114 1045 2179 Fluiditas
1067 2116 1228 2200 expansiva
1253 2129 1299 2179 est

197 2235 297 2291 status
311 2228 454 2311 corporis,
467 2228 554 2291 cuius
568 2236 668 2312 partes
682 2227 872 2311 integrantes
886 2249 948 2290 non
963 2227 1054 2290 modo
1069 2250 1131 2292 non
1143 2227 1300 2291 adhaerent

198 2337 267 2417 sibi,
284 2338 443 2403 sedetiam
459 2361 477 2403 a
492 2340 667 2403 seinvicem
682 2339 850 2423 refugiunt,
866 2338 925 2402 nisi
941 2338 1064 2403 aliunde
1083 2339 1298 2424 impediantur.

242 2449 332 2512 Ratio
348 2448 508 2512 soliditatis
522 2458 568 2513 est
582 2448 737 2513 evidenter
750 2448 862 2533 ingens
872 2449 1064 2533 praevalentia
1076 2449 1120 2513 vis
1135 2449 1300 2514 attractivae

198 2560 231 2623 in
246 2559 428 2644 repulsivam
443 2560 524 2623 inter
538 2559 717 2623 moleoulam
733 2569 764 2623 et
778 2560 969 2624 moleoulam.
1015 2561 1105 2624 Ratio
1116 2560 1298 2645 liquiditatis

198 2680 245 2735 est
271 2670 380 2735 debilis
401 2670 594 2755 praevalentia
619 2671 746 2734 actionis
772 2672 938 2736 attractiva*
960 2671 993 2734 in
1016 2672 1198 2757 repulsivam
1219 2674 1300 2737 inter

198 2783 377 2847 moleoulam
403 2795 433 2847 et
457 2782 654 2847 moleculame
677 2782 789 2862 debilis,
805 2784 941 2867 inquam,
958 2792 989 2847 et
1014 2785 1159 2848 accedens
1182 2785 1221 2848 ad
1245 2786 1299 2849 ali-

198 2894 287 2980 quale
318 2871 535 2979 aequilibrium,
565 2893 671 2958 saltem
702 2893 804 2979 quoad
833 2918 967 2960 sensum.
1012 2897 1103 2960 Ratio
1139 2896 1300 2961 fluiditatis

197 3007 375 3091 expansivae,
390 3030 458 3092 quae
470 3006 584 3071 dicitur
597 3007 687 3070 etiam
703 3006 838 3070 fluiditas
853 3007 1031 3087 aiiriiornsis,
1046 3017 1092 3073 est
1107 3009 1300 3093 praev'alentia

197 3118 327 3182 actionis
341 3117 502 3203 repulsivas
515 3119 548 3181 in
564 3118 752 3183 attractivam
769 3119 851 3181 inter
864 3117 1044 3183 moleculam
1059 3129 1090 3183 et
1110 3120 1299 3185 moleculam.

197 3229 287 3292 Patet
301 3238 414 3306 autem,
435 3229 510 3292 istas
533 3229 744 3313 praevalentias
765 3229 899 3314 pendere
918 3238 950 3293 et
972 3253 989 3294 a
1014 3232 1232 3296 constitutione
1253 3233 1301 3296 in-

197 3341 330 3404 trinseca
345 3340 574 3418 molocularum,
589 3350 620 3404 et
635 3363 653 3404 a
667 3341 813 3411 distantia
827 3341 909 3423 inter
922 3343 1096 3407 moloculas.

239 3451 374 3529 Quando
399 3453 593 3537 praevalentis
614 3454 659 3517 vis
684 3454 850 3518 attractivae
873 3463 919 3518 est
939 3454 1026 3518 valde
1049 3479 1169 3541 magna,
1188 3479 1299 3541 corpus

196 3563 328 3627 solidum
343 3563 455 3628 dicitur
469 3565 582 3643 domm,
595 3564 785 3628 decrescente
801 3574 909 3628 autem·
918 3588 953 3629 ea
969 3566 1173 3650 praevalentia,
1189 3591 1298 3652 corpus

196 3675 346 3760 paulatim
373 3677 409 3739 fit
429 3677 514 3740 molle
536 3685 568 3739 et
587 3675 697 3739 deinde
724 3676 876 3760 liquidam,
900 3685 931 3741 et
950 3677 1101 3762 liquidum
1128 3680 1230 3763 ipsum
1251 3681 1299 3744 vel

196 3786 290 3851 habet
313 3786 384 3871 plus
406 3787 597 3865 viscositatis,
614 3786 661 3850 vel
676 3786 797 3851 minus:
819 3788 944 3853 tandem
962 3788 1059 3853 solida
1078 3791 1218 3875 quaedam
1235 3814 1299 3855 non

196 3898 298 3963 solum
318 3897 507 3963 reducuntur
527 3899 560 3961 in
579 3897 706 3983 liquida,
722 3897 775 3962 sed
798 3898 889 3962 etiam
905 3900 1136 3980 volatiliaantur,
1153 3904 1298 3988 separatis

195 4009 234 4074 ab
256 4009 386 4073 invicem
407 4009 558 4095 partibus.
603 4010 724 4074 Harum
752 4011 891 4073 omnium
912 4012 1119 4077 mutationum
1140 4014 1301 4100 explicatio

197 4120 345 4204 generalis
361 4121 478 4185 nullam
493 4120 585 4185 habet
600 4120 821 4200 difficultatem,
837 4144 933 4205 quum
948 4124 1126 4188 constitutio
1140 4126 1299 4192 molecnlae

197 4232 236 4295 sit
251 4231 412 4310 eiusmodi,
422 4241 457 4295 ut
473 4232 569 4317 possit
584 4231 781 4316 praevalentis
794 4232 840 4296 vis
855 4234 1020 4298 attractivae
1028 4235 1136 4314 minui,
1149 4248 1180 4300 et
1190 4237 1298 4321 perire,

188 4352 289 4427 atque
310 4342 464 4407 introduci
487 4342 739 4427 praevalentiavis
761 4343 920 4427 repulsivae
942 4346 973 4407 in
997 4347 1062 4411 eius
1084 4346 1205 4411 locum:
1227 4348 1297 4412 licet
