3200 4984
285 378 351 443 306
641 398 684 441 un
701 394 821 441 carnus
836 396 1029 441 concinnis.
1230 376 1316 462 [car.
1334 398 1391 442 ιιι.

289 559 374 629 etde
388 559 456 624 aliis
471 560 679 627 facultatibus.
725 561 786 626 Sed
808 560 846 625 de
868 558 918 626 his
938 560 1030 626 alibi:
1050 584 1135 626 nunc
1153 561 1192 625 ad
1211 573 1331 625 motum
1347 561 1395 625 loa

288 671 384 737 calam
398 672 568 751 redeamus,
578 672 704 757 eiusque
717 696 830 737 nexum
844 694 916 737 cum
931 672 1031 757 spatio
1044 682 1077 737 et
1090 673 1250 738 duratione
1263 673 1392 737 investi-

287 806 405 869 gemus.
451 784 581 850 Interim
596 794 732 870 apparet,
747 794 867 850 motum
876 784 1002 850 virtutis
1015 789 1137 869 proprie
1152 785 1268 850 dictum
1279 785 1392 851 habere

289 895 391 960 locum
406 904 528 961 tautum
550 897 584 961 in
606 897 792 983 compositis,
808 896 881 983 quia
894 897 928 960 in
943 896 1016 961 solis
1029 897 1207 983 compositis
1222 897 1321 962 forma
1333 920 1389 961 aa·

289 1007 396 1073 taralis
409 1016 456 1072 est
470 1007 665 1072 mutabilis*.

339 1120 391 1184 ⁷2.
415 1118 571 1196 Quanam
585 1118 804 1198 decimotertio,
820 1122 851 1183 iu
866 1142 924 1204 quo
937 1120 1132 1185 meutialiter
1141 1123 1284 1186 enatat
1297 1129 1392 1185 motae

292 1230 403 1295 locale

326 1418 344 1456 ὓ
361 1415 535 1489 Peripatetici
551 1416 719 1471 admisenmt
733 1386 787 1471 tres
808 1418 911 1489 species
931 1422 1023 1473 motus
1043 1413 1147 1474 ratione
1168 1419 1286 1488 termini,
1305 1420 1393 1473 idest

291 1508 397 1556 motum
409 1503 444 1557 ad
456 1504 634 1574 quantitatem,
647 1502 683 1557 ad
695 1504 846 1575 qualitatem
858 1508 887 1557 et
899 1502 935 1557 ad
945 1504 997 1559 ali,
1033 1504 1142 1560 Motum
1158 1506 1193 1560 ad
1211 1506 1391 1578 quantitatem

290 1588 500 1645 subdividebant
510 1590 539 1643 in
552 1592 787 1661 αιιφηωιιαιὲοιιοιη
798 1597 828 1646 et
839 1591 1052 1647 dimasaionem:
1069 1598 1175 1646 motum
1186 1593 1221 1647 ad
1232 1594 1391 1664 qualitatem

291 1675 321 1729 in
333 1677 509 1747 inmanem,
522 1677 696 1733 remissionem
708 1683 736 1733 et
747 1678 942 1733 matam:
961 1684 1068 1733 motum
1078 1678 1114 1733 ad
1124 1680 1170 1734 aba*
1178 1679 1208 1733 in
1220 1687 1326 1749 rectem,
1338 1682 1393 1734 cir-

230 1758 234 1765 ’
291 1763 413 1829 adorere,
426 1769 455 1818 et
465 1764 585 1819 mattam.
623 1764 686 1835 Sed,
697 1783 782 1837 quum
794 1764 932 1838 quantitas
944 1764 1032 1819 situel
1039 1765 1183 1835 intensiva,
1190 1767 1235 1821 vel
1243 1767 1391 1835 extensiva,

292 1848 336 1903 vel
347 1850 493 1920 numerica,
501 1854 592 1906 motus
604 1848 639 1905 ad
651 1850 834 1924 quantitatem
846 1850 919 1906 dicet
925 1851 1105 1906 mutationem
1113 1852 1158 1907 vel
1165 1849 1392 1922 intensitatis,vel

292 1934 466 2007 extensionis,
484 1936 530 1991 rel
549 1936 742 1992 multitudinis.
790 1938 910 1993 Mutatio
930 1938 1086 1993 mensumn
1102 1952 1157 1993 nou
1179 1937 1356 2012 distinguitur
1376 1952 1393 1995 a

292 2028 377 2092 metir,
390 2041 471 2095 quem
489 2024 543 2097 ipsi
560 2024 689 2079 dixenmt
705 2025 740 2079 ad
757 2024 927 2097 qualitatem,
938 2039 1020 2097 quam
1035 2043 1085 2081 nos
1100 2026 1235 2099 complexi
1253 2044 1346 2081 snmus
1362 2026 1393 2081 in

291 2114 369 2165 motu
379 2111 497 2166 virtutis.
534 2112 651 2167 Mutatio
670 2112 830 2181 atmeioua’a,
849 2112 879 2165 in
896 2113 1031 2167 sententia
1050 2119 1165 2185 negante
1184 2113 1393 2168 continuitatem

292 2197 422 2266 materiae,
434 2197 505 2251 nihil
522 2203 565 2251 est
581 2198 664 2267 aliud,
676 2197 730 2251 nisi
745 2196 862 2251 mutatio
874 2198 1036 2252 relationum
1046 2198 1244 2253 ubicativarum
1255 2200 1326 2254 inter
1337 2206 1393 2254 ter-

293 2284 381 2339 minos
392 2284 531 2339 ubicatos:
551 2290 579 2339 et
589 2284 651 2339 ideo
663 2284 801 2338 reducitur
813 2284 848 2338 ad
855 2288 961 2338 motum
969 2283 1090 2339 localem.
1115 2286 1237 2341 Tandem
1245 2287 1392 2358 quantitas,

293 2386 353 2440 quae
367 2376 409 2426 est
419 2373 565 2441 malacae,
578 2376 693 2444 augetur
703 2372 749 2427 vel
760 2371 894 2425 minuitur
904 2389 953 2445 per
963 2384 1102 2427 accessum
1112 2374 1158 2427 vel
1168 2389 1302 2428 recessum
1313 2384 1394 2429 nova

292 2458 414 2529 unitatis,
426 2460 471 2515 vel
483 2472 616 2514 novenum
627 2458 773 2513 unitatum.
811 2458 866 2513 Sed
876 2459 907 2513 in
917 2476 1027 2513 weessu
1033 2460 1078 2514 vel
1086 2476 1193 2515 massan
1203 2461 1263 2529 hoc,
1272 2461 1392 2515 unitates

293 2547 403 2619 reliqua
415 2552 527 2601 manent
538 2546 568 2599 in
580 2564 628 2601 suo
647 2564 712 2615 csse,
725 2546 783 2600 sine
800 2546 859 2600 ulla
874 2564 983 2619 prorsus
1000 2547 1043 2601 sui
1060 2548 1227 2617 mutatione;
1246 2555 1275 2602 et
1286 2549 1325 2603 sic
1336 2568 1393 2607 nou

294 2636 358 2687 sunt
369 2632 520 2687 subiectum
532 2632 646 2688 alicuius
653 2637 744 2687 motus
756 2632 791 2686 ad
802 2632 999 2704 quantitatem:
1011 2638 1102 2687 motus
1115 2652 1178 2687 vero
1190 2634 1303 2689 unitatis
1314 2653 1392 2691 acce·

293 2719 382 2775 dentis
394 2720 429 2774 ad
441 2719 507 2774 alias
518 2718 638 2774 unitates
649 2729 704 2773 non
715 2724 758 2773 est
769 2724 860 2773 monas
871 2719 906 2773 ad
917 2719 1106 2791 quantitatem,
1119 2720 1166 2774 sed
1178 2726 1270 2775 motus
1281 2722 1392 2787 localis;

293 2812 321 2861 et
332 2808 394 2861 ideo
405 2811 496 2861 motus
507 2807 542 2861 ad
553 2806 760 2861 multitudinem
771 2806 800 2859 in
811 2806 887 2861 nullo
897 2806 1018 2861 subiecto
1027 2806 1172 2861 invenitm,
1203 2808 1320 2874 Quando
1328 2824 1392 2863 vern

293 2894 383 2965 agitur
394 2894 428 2947 de
440 2892 617 2949 multitudine
628 2892 748 2966 partium
762 2892 880 2965 eorporis
891 2892 1013 2960 animati,
1020 2900 1197 2965 augmentum
1208 2895 1241 2947 fit
1251 2913 1300 2967 per
1307 2895 1392 2949 infcr-

294 2978 442 3033 mationem
453 2996 531 3033 novae
544 2978 704 3034 substantia
716 2995 867 3051 corporeae:
892 2984 921 3033 et
932 2978 972 3033 sic
984 2978 1014 3032 in
1029 2984 1137 3033 tantum
1155 2980 1250 3056 crescit
1265 2999 1393 3035 numerus

295 3065 414 3137 partium
437 3067 466 3119 in
486 3066 605 3137 animali,
626 3066 656 3119 in
677 3071 811 3137 quantum
837 3065 988 3120 substantia
1014 3066 1180 3121 alimentaria
1203 3067 1394 3122 convenienter

295 3151 408 3222 digesta,
421 3151 564 3222 elabmata,
577 3158 605 3207 et
621 3152 783 3225 qmbusdam
799 3148 947 3207 visceribus
964 3152 1129 3222 mmsmissa,
1141 3151 1238 3226 incipit
1255 3154 1393 3208 informari

295 3236 329 3291 ab
341 3237 438 3292 anima.
475 3237 559 3307 Hinc,
566 3238 590 3293 si
600 3238 631 3293 in
643 3238 754 3293 animali
766 3240 847 3293 datur
852 3245 944 3293 mous
955 3240 990 3293 ad
1001 3240 1189 3311 quantitatem,
1197 3242 1276 3294 datur
1281 3241 1393 3314 praecise

294 3342 343 3397 per
354 3329 515 3397 actumque
527 3326 618 3379 anima
629 3325 726 3399 incipit
737 3326 881 3379 informare
893 3326 1012 3397 aliquam
1022 3331 1126 3399 partem
1134 3326 1292 3381 substantiae
1304 3328 1394 3382 nutri-

295 3411 361 3466 tivae
381 3410 448 3466 satis
467 3412 613 3485 dispositae.
650 3413 727 3468 Tunc
743 3410 792 3467 illa
807 3431 879 3467 nova
895 3431 957 3486 pars
971 3413 1147 3485 proculdubio
1163 3420 1296 3482 moretm,
1309 3432 1393 3488 quum

295 3498 352 3555 eius
358 3499 476 3569 potentia
488 3499 523 3553 ad
533 3499 621 3555 vitam
631 3500 680 3553 fiat
691 3505 763 3553 actm
770 3498 896 3554 vivendir
915 3500 964 3553 sed
974 3500 1027 3554 hoc
1038 3517 1092 3554 non
1104 3500 1214 3555 ridetur
1225 3498 1352 3572 sufficere,
1359 3507 1393 3556 nt

295 3584 400 3640 dicatm
411 3584 512 3641 animal
523 3584 626 3641 moveri
638 3585 673 3641 ad
685 3586 873 3659 quantitatem.
909 3586 990 3656 Nam,
1001 3586 1067 3642 licat
1084 3587 1175 3641 anima
1190 3588 1320 3643 informet
1335 3590 1393 3643 sind
1505 3632 1510 3638 .

295 3672 372 3745 gulas
382 3676 480 3745 partes,
489 3689 544 3725 nou
556 3676 589 3726 ut
599 3672 677 3744 plura
688 3672 815 3741 animata,
824 3671 872 3726 sed
883 3674 915 3724 ut
926 3689 1012 3725 unum
1023 3677 1113 3726 totum
1121 3672 1281 3742 animatum,
1292 3679 1320 3728 et
1330 3674 1392 3730 ideo

294 3759 431 3831 quantitas
443 3758 528 3813 totius
539 3759 684 3814 intrinsece
696 3764 724 3813 et
742 3751 957 3813 substantialiter
974 3763 1095 3813 mutetur
1111 3777 1220 3814 accessu
1236 3778 1315 3815 novae
1328 3760 1393 3815 sub·

294 3846 412 3916 stantiae,
424 3851 546 3901 mutatur
556 3850 649 3901 tamen
661 3845 842 3918 quantitative
851 3845 1000 3899 secundum
1008 3844 1093 3899 solam
1103 3852 1207 3917 partem
1219 3847 1253 3901 de
1264 3864 1335 3902 novo
1347 3863 1393 3903 ace

296 3934 443 4003 ccdentem,
456 3934 486 3987 in
504 3938 637 4005 quantum
652 3933 712 3987 haec
730 3933 762 3986 fit
780 3932 886 4004 aliquid
904 3932 1083 4007 intrinsecum
1096 3932 1221 3990 animan:
1241 3934 1296 4002 sed,
1309 3946 1393 4005 quarn

295 4021 355 4075 haec
366 4038 438 4076 nova
447 4038 509 4093 pars
519 4039 575 4075 non
586 4020 640 4075 nisi
652 4026 846 4092 consequenter
861 4020 896 4075 ad
913 4034 994 4073 suum
1010 4026 1117 4073 motum
1130 4020 1242 4093 incipiat
1259 4022 1394 4093 pertinere

294 4105 438 4159 intrinsece
451 4110 480 4158 et
491 4104 704 4159 substantialiter
713 4106 747 4159 ad
759 4105 870 4173 animal,-
877 4104 985 4160 videtur
994 4106 1146 4173 dicendum,
1160 4104 1232 4177 quod
1243 4105 1394 4161 substantia

295 4190 461 4246 alimentaria
473 4196 599 4246 moretm
610 4192 645 4246 ad
658 4197 750 4245 actum
760 4192 827 4246 vitae
846 4190 977 4261 animalis,
989 4210 1044 4245 non
1056 4210 1119 4246 vero
1137 4192 1209 4262 quod
1225 4208 1322 4265 corpus
1334 4194 1394 4247 ani·

296 4274 375 4331 malis
388 4282 513 4332 movetur
525 4278 560 4332 ad
571 4278 759 4349 quantitatem.
796 4278 873 4337 Idem
885 4280 919 4333 de
929 4278 1030 4352 plantis
1041 4284 1070 4333 et
1081 4279 1213 4334 fiuctibus
1219 4279 1328 4335 mdetm
1336 4298 1394 4336 esse

296 4363 446 4417 dicendum.
