3200 4984
211 406 280 450 cnr.
297 381 357 468 m]
524 372 527 376 ἢ
577 403 694 449 usuum
711 404 942 449 sarcasmum.
1268 385 1310 448 25

211 573 264 658 qui
283 581 330 638 est
348 595 467 658 semper
480 568 572 653 idem,
589 595 685 658 quum
701 573 852 658 significet
866 579 969 637 actum
984 570 1143 650 existendi,
1158 592 1221 656 quo
1234 571 1308 636 facit
1377 557 1381 562 ’

211 686 340 750 existere
355 685 514 748 materiam
530 707 617 749 suam
632 684 835 750 terminative.

254 795 414 860 Postremo
428 795 601 859 notandum
616 804 673 873 est,
687 795 758 860 licet
774 795 939 860 dixerimus
952 793 1077 859 unicam
1096 816 1162 859 ease
1180 794 1312 879 speciem

210 906 431 971 elementorum
447 906 659 986 materialium,
671 907 729 972 hoc
744 915 848 971 tamen
862 928 929 970 esse
942 905 1178 991 intelligendum
1193 905 1231 969 de
1243 929 1311 991 spe-

212 1016 256 1082 oie
278 1017 495 1103 metaphysica,
511 1015 575 1082 non
597 1027 700 1082 autem
723 1018 762 1083 de
783 1018 883 1103 specie
904 1018 1040 1105 physica.
1085 1017 1209 1103 Physici
1229 1017 1313 1082 enim

211 1136 341 1214 possunt
351 1129 450 1192 facere
465 1127 540 1192 duas
556 1129 672 1213 species
686 1127 916 1209 elementorum,
933 1128 1102 1193 secundum
1116 1128 1205 1215 quod
1213 1131 1315 1195 unum

212 1240 397 1304 elementum
420 1239 513 1304 habet
531 1240 593 1305 vim
616 1241 818 1320 attractivam,
840 1249 871 1304 et
893 1240 976 1305 aliud
997 1240 1109 1305 hahere
1130 1248 1232 1325 potest
1248 1241 1312 1306 vim

210 1351 416 1436 repulsivam
440 1351 478 1418 de
492 1374 553 1436 quo
563 1352 657 1416 infra.
701 1353 789 1418 'lune
804 1352 972 1417 assumitur
984 1352 1171 1437 principium
1186 1355 1313 1417 aetimare

211 1463 398 1548 completum
413 1463 446 1526 in
462 1485 518 1527 suo
533 1461 599 1528 esse
613 1462 757 1551 principii
768 1463 858 1529 activi
869 1472 1027 1548 tamquam
1039 1485 1147 1547 mnus,
1160 1472 1191 1528 et
1202 1473 1314 1529 attroc-

211 1575 353 1640 tiuumvel
363 1575 539 1659 repulsivam
549 1597 606 1660 pro
615 1575 795 1640 differentia.
814 1575 875 1640 Sed
884 1574 1017 1661 analysis
1024 1575 1233 1661 metaphysica
1243 1573 1313 1659 phi-

210 1686 417 1770 losophorum,
427 1705 495 1771 quae
510 1685 681 1751 considerat
694 1686 882 1771 principium
897 1685 1052 1770 passivum
1073 1688 1105 1748 et
1126 1684 1312 1770 principium

211 1797 343 1869 activum
358 1797 558 1882 inadequate,
568 1819 632 1862 non
647 1797 733 1863 ducit
743 1797 783 1862 ad
794 1797 898 1882 plures
911 1796 1035 1881 species,
1046 1796 1154 1860 saltem
1165 1795 1314 1881 quamdiu

211 1909 402 1994 principium
418 1908 550 1974 activum
567 1908 776 1974 consideratur
791 1907 849 1972 sub
863 1906 981 1972 ratione
996 1914 1083 1972 actus
1101 1907 1263 1987 entitativi,
1278 1916 1315 1971 ut

211 2019 421 2085 consideratur
435 2043 453 2084 a
467 2019 696 2107 metaphysicis.

255 2135 307 2196 31.
332 2131 487 2208 Quaeritur
502 2132 643 2217 septimo,
659 2140 757 2195 utram
764 2131 868 2215 seram
882 2131 917 2195 de
934 2154 965 2195 se
979 2133 1020 2196 sit
1034 2153 1094 2196 aaa.
1217 2155 1220 2159 ’

255 2241 597 2327 Respondeonegative,
608 2241 634 2305 si
643 2241 797 2326 intelligas
806 2240 892 2326 loqui
903 2240 941 2305 de
956 2249 1031 2305 ente
1041 2239 1114 2305 reali
1128 2247 1159 2304 et
1173 2239 1311 2326 physico,

210 2363 242 2419 ct
256 2361 341 2440 patet
355 2377 391 2418 ex
411 2353 501 2418 dictis
522 2375 614 2438 supra
631 2375 718 2418 num.
735 2356 765 2418 7.
809 2352 852 2416 Et
868 2352 999 2416 Sanctus
1013 2353 1148 2416 Thomas
1170 2350 1311 2437 explicite

210 2467 273 2530 ait:
317 2467 423 2530 Etiam
430 2465 537 2550 forma
551 2487 610 2529 aaa
623 2466 732 2529 tabent
745 2486 817 2543 csse,
831 2447 1058 2548 aedcompoeitu
1071 2464 1177 2527 tabent
1191 2485 1252 2527 esse
1253 2486 1312 2545 per

209 2599 260 2640 aas
276 2577 318 2660 (p.
337 2579 366 2640 1.
382 2598 412 2660 q.
427 2577 480 2638 45.
498 2597 525 2640 a.
542 2575 586 2658 4).
632 2574 667 2638 Si
686 2596 757 2638 vero
778 2574 934 2658 intelligas
954 2574 1041 2660 loqui
1062 2574 1101 2639 de
1121 2582 1193 2638 ente
1215 2583 1311 2637 meta·

210 2686 347 2772 physico,
370 2685 538 2770 respondeo
559 2685 745 2750 affinnative.
790 2685 873 2750 Nam
895 2685 996 2750 omnis
1018 2693 1105 2750 actus
1125 2695 1172 2750 est
1194 2685 1311 2769 aliquid

210 2796 405 2860 entitativum
420 2821 427 2859 :
450 2796 549 2861 forma
563 2803 666 2859 autem
682 2795 825 2880 quaelibet
840 2803 887 2860 est
901 2795 1012 2881 aliquis
1024 2804 1119 2861 actus.
1143 2797 1209 2861 Nec
1220 2797 1312 2861 refert

209 2907 293 2993 quod
307 2907 414 2986 forma,
427 2930 496 2992 quae
511 2908 564 2971 dat
577 2930 643 2971 esse
658 2907 802 2988 materiae,
814 2930 878 2972 non
893 2908 933 2971 sit
948 2917 1033 2972 actus
1044 2908 1105 2972 nisi
1114 2909 1148 2972 in
1159 2916 1311 2993 quantum

209 3026 311 3083 actuat
335 3019 511 3097 materiam;
535 3028 565 3082 et
589 3018 631 3082 sio
654 3019 692 3082 de
715 3042 746 3083 se
769 3019 834 3083 sola
855 3018 993 3084 videatur
1014 3043 1078 3084 non
1100 3020 1262 3084 continere·
1278 3019 1311 3083 id

208 3129 319 3209 totum,
335 3129 418 3216 quod
438 3129 604 3214 requiritur
623 3129 662 3193 ad
682 3130 846 3194 essendum
854 3156 864 3208 3
887 3153 970 3211 nam,
986 3130 1057 3195 licet
1071 3131 1186 3195 actuari
1201 3130 1311 3196 debeat

209 3241 241 3304 in
257 3241 392 3321 materia,
407 3241 500 3305 habet
514 3249 618 3304 tamen
634 3240 672 3304 de
688 3263 720 3304 se
735 3249 765 3305 et
780 3240 814 3304 in
829 3263 861 3304 se
876 3249 972 3306 totam
987 3241 1137 3306 rationem
1155 3240 1308 3322 actuandi,

208 3362 239 3416 et
255 3351 383 3431 essendi,
395 3373 492 3435 quum
506 3353 633 3415 materia
644 3372 707 3414 non
722 3350 843 3430 habeat,
858 3351 975 3417 ratione
990 3353 1047 3433 sui,
1057 3353 1191 3438 aliquem
1205 3361 1309 3418 actum

209 3463 415 3542 entitativum,
432 3484 593 3547 perquem
608 3469 769 3526 concurrat
785 3461 824 3524 ad
839 3461 1046 3527 actuationem
1067 3463 1183 3527 formae.
1226 3463 1309 3527 Talis

207 3597 280 3659 crgo
302 3575 409 3651 forma,
424 3573 483 3637 etsi
504 3573 623 3656 indiget
645 3595 710 3636 esse
731 3572 765 3635 in
787 3572 923 3652 materia,
938 3594 1002 3636 non
1018 3580 1122 3637 tamen
1136 3571 1255 3658 indiget
1270 3596 1306 3640 ea

207 3696 243 3750 ut
259 3694 339 3764 actu,
356 3684 409 3749 sed
423 3690 460 3747 ut
476 3684 616 3762 termino,
633 3691 664 3746 et
677 3704 741 3746 non
756 3682 913 3767 perficitur
926 3704 981 3767 per
995 3705 1062 3746 eam
1076 3690 1235 3768 tanquam
1253 3707 1309 3769 per

208 3819 262 3860 ens
284 3795 417 3880 aliquod,
441 3793 495 3857 sed
516 3793 713 3877 restringitur
734 3814 789 3877 per
812 3815 879 3857 eam
900 3801 1058 3879 tamquam
1079 3817 1134 3879 per
1156 3816 1218 3858 non
1240 3817 1306 3861 ena.

207 3908 299 3972 Unde
319 3915 385 3970 tota
399 3905 476 3969 ratio
488 3903 624 3968 entitatis
640 3904 819 3968 substantiae
833 3904 997 3970 materialis
1012 3913 1058 3968 est
1072 3905 1106 3968 in
1120 3905 1228 3986 forma,
1244 3929 1308 3971 non

207 4027 310 4083 autem
325 4019 359 4081 in
374 4017 520 4094 materia,
543 4024 574 4079 et
590 4015 632 4080 sic
647 4037 768 4080 necesse
783 4024 830 4079 est
845 4015 975 4080 formam
990 4015 1048 4080 hoc
1063 4015 1155 4080 modo
1165 4039 1308 4083 esse-ens,

208 4131 290 4195 Nam
300 4138 426 4215 propter
434 4129 513 4212 quod
520 4128 741 4210 unumquodque
753 4127 821 4206 tale,
831 4135 860 4191 et
869 4127 946 4191 illud
953 4129 1055 4211 mapis,
1067 4134 1103 4190 ut
1112 4136 1159 4192 est
1169 4128 1308 4195 effatum.

250 4243 304 4306 32.
328 4239 483 4316 Quaeritur
506 4247 622 4319 octavo,
644 4248 743 4305 atrum
756 4239 860 4324 formu
882 4239 1086 4304 subataatiala'a
1110 4239 1250 4305 educatur
1271 4242 1307 4306 de

200 4356 337 4438 potentia
352 4355 480 4417 materia
489 4353 602 4435 prima.
