3200 4984
299 356 343 419 96
626 377 668 421 nn
686 377 889 422 sossrsrvvra
905 376 1084 421 convorsus.
1278 355 1362 438 [car.
1381 376 1404 417 ι.

299 542 410 609 clarius
428 543 529 609 adhuc
550 542 668 629 patebit
686 566 722 608 ex
740 543 892 610 solutione
913 542 1138 624 difficultatum,
1153 565 1230 629 quas
1245 543 1284 607 de
1298 543 1404 607 indus-

299 656 359 721 tria
383 655 666 742 multiplicabimus,
690 664 727 721 ut
750 655 895 741 plenioris
920 655 1118 721 discussionis
1144 655 1263 741 copiam
1293 654 1404 720 habere

299 769 461 854 possimus.

344 882 396 945 15.
422 882 550 945 Odiits‘ca
565 883 608 945 1⁰.
624 901 694 945 cum
710 879 875 945 Goudiuio.
910 879 1028 944 Globus
1043 887 1074 944 et
1089 880 1227 964 planum,
1242 879 1403 965 dequibus

299 1016 401 1079 supra,
416 992 688 1079 proportionantur
709 1014 765 1077 per
785 1000 906 1056 motum
922 993 1014 1056 unius
1029 1012 1121 1075 supra
1135 989 1276 1056 alterum.
1321 991 1403 1056 Con-

298 1112 400 1170 tactua
413 1104 495 1177 enim
512 1103 699 1169 successivus
710 1103 791 1188 sapit
806 1112 948 1168 naturam
964 1104 1045 1167 eutis
1065 1103 1247 1169 successivi:
1271 1112 1302 1169 et
1324 1104 1402 1185 ideo,

299 1217 379 1282 sicut
392 1225 526 1301 tempus,
540 1215 611 1281 licet
625 1215 704 1280 nihil
718 1215 829 1279 habeat
844 1236 987 1299 praesens,
1000 1215 1060 1279 nisi
1075 1216 1194 1279 instans
1209 1215 1403 1295 indivisibile,

298 1328 423 1394 fluendo
437 1338 542 1395 tamma
556 1328 650 1393 habet
661 1328 869 1393 extensionem
885 1349 919 1393 ac
934 1335 1055 1413 partes:
1078 1327 1122 1392 ita
1133 1335 1292 1392 contactus
1307 1327 1402 1413 globi,

298 1441 370 1507 licet
391 1463 454 1506 non
475 1442 529 1506 liat
551 1440 612 1505 nisi
633 1440 667 1506 in
688 1438 926 1505 indivisibilibus
949 1438 1142 1525 quiescendo,
1158 1439 1283 1504 fluendo
1299 1448 1403 1505 tamen

299 1562 399 1639 potest
409 1553 475 1618 fieri
484 1554 517 1618 in
526 1552 680 1638 partibus:
696 1552 774 1617 sicut
790 1551 899 1615 dicsmt
913 1550 1132 1629 mathematici,
1147 1550 1232 1636 quod
1242 1560 1402 1637 punctum,

298 1664 370 1731 licet
380 1664 539 1750 quiescens
554 1663 596 1727 sit
609 1661 803 1742 indivisibile,
819 1670 966 1744 attamen,
983 1663 1009 1727 si
1020 1670 1202 1742 moveretur,
1219 1641 1403 1729 describeret

299 1775 412 1840 lineam
427 1773 620 1841 divisibilem.

344 1886 527 1973 Respondes
542 1887 652 1973 primo.
697 1888 742 1953 N.
757 1896 818 1952 aut.
836 1885 1103 1972 adprobationem
1118 1886 1187 1951 dist.
1234 1885 1402 1952 Contactus

298 1998 485 2064 successivus
508 1998 587 2085 sapit
610 2007 753 2063 naturam
776 1998 858 2063 entis
883 1997 1055 2075 successivi,
1075 1998 1129 2081 qui
1153 1996 1265 2062 dicitur
1288 2006 1401 2079 motus,

298 2134 378 2175 coac.
394 2119 457 2176 cot.
472 2110 553 2175 eutis
568 2109 739 2187 successivi,
754 2109 809 2195 qui
824 2110 936 2174 dicitur
951 2109 1122 2174 materian.
1139 2118 1201 2175 urst.
1231 2110 1305 2174 Non
1319 2111 1402 2175 enim

298 2222 425 2308 planum
440 2221 476 2286 fit
490 2221 673 2286 continuum
687 2243 742 2306 per
756 2227 876 2285 motum
898 2219 992 2303 globi,
1008 2243 1105 2306 quum
1126 2229 1318 2305 supponatur
1336 2245 1406 2287 esse

299 2335 481 2400 continuum
496 2335 528 2398 in
544 2357 576 2399 se
591 2343 755 2419 antequam
769 2332 880 2417 globus
894 2340 1061 2397 moveatur.
1095 2332 1203 2397 Motus
1218 2343 1321 2399 autem
1336 2335 1401 2420 ipse

298 2447 548 2533 proportionetur
572 2445 666 2531 plano
691 2445 847 2522 continuo,
864 2465 935 2508 cum
960 2442 1000 2508 sit
1026 2445 1193 2510 successive
1216 2446 1381 2511 continuus
1388 2472 1399 2525 ς

299 2559 431 2624 sednon
449 2566 550 2644 potest
564 2557 662 2621 facere
676 2556 772 2620 ullam
787 2554 1015 2641 proportionem
1031 2556 1164 2642 partium
1179 2557 1259 2622 inter
1273 2558 1400 2642 globum

299 2681 330 2736 et
344 2671 493 2757 planum,
513 2669 657 2756 quiahoc
672 2677 720 2733 est
734 2677 842 2734 contra
856 2667 1018 2731 essentiam
1034 2668 1204 2755 utriusque.

343 2781 526 2867 Respondeo
545 2780 690 2859 secundo,
705 2779 821 2844 nullam
841 2779 1080 2865 proportionem,
1094 2782 1187 2846 etism
1208 2782 1354 2848 fluentem
1369 2793 1401 2847 et

299 2893 515 2971 transitoriam,
531 2913 621 2976 posse
641 2891 769 2956 existere
787 2891 868 2955 inter
882 2891 1009 2976 globum
1024 2900 1055 2956 et
1070 2892 1197 2978 planum
1212 2904 1400 2979 permotum

298 3003 383 3088 globi
398 3026 490 3089 supra
502 3002 641 3088 planum.
687 3002 768 3066 Nam
784 3002 854 3067 talis
869 3004 1034 3088 proportio,
1051 3008 1248 3090 quantumvis
1263 3008 1400 3088 minima,

296 3115 390 3200 exigit
416 3114 524 3180 saltem
548 3114 617 3193 hoc,
644 3123 679 3179 ut
705 3114 816 3199 globus
839 3115 899 3179 iam
923 3124 1031 3201 tangat
1056 3118 1184 3202 planum
1209 3120 1242 3183 in
1266 3122 1400 3186 secundo

296 3237 423 3313 puncto,
448 3224 572 3312 quando
595 3225 734 3289 nondum
757 3226 882 3311 penitus
911 3226 1035 3312 reliquit
1064 3229 1200 3313 primum
1228 3241 1399 3317 punctum3

298 3339 399 3404 minor
427 3338 511 3403 enim
539 3338 706 3423 proportio,
736 3361 830 3424 quam
861 3338 941 3403 inter
970 3339 1032 3404 duo
1062 3341 1245 3426 proximiora
1273 3354 1398 3429 puncta,

297 3450 423 3536 cogitari
447 3450 566 3536 nequit.
611 3449 672 3514 Sed
695 3450 753 3515 hoc
778 3451 882 3535 ipsum
905 3459 951 3515 est
975 3451 1181 3537 impossibile:
1211 3477 1275 3520 non
1300 3457 1399 3522 solum

298 3563 370 3649 quia
384 3562 509 3627 unicum
524 3572 676 3652 punctum
690 3562 775 3647 globi
789 3564 897 3648 nequit
912 3571 1038 3649 tangere
1053 3564 1114 3629 duo
1131 3576 1247 3652 puncta
1265 3568 1349 3655 plani
1365 3571 1398 3633 in

297 3675 404 3740 eodem
427 3674 565 3754 instanti,
586 3673 640 3739 sed
665 3675 756 3739 etiam
781 3674 854 3760 quia
877 3675 929 3739 illa
954 3675 1016 3740 duo
1039 3686 1154 3762 puncta
1177 3680 1272 3765 plani,
1291 3690 1399 3768 utpote

297 3787 474 3853 immediata
490 3810 524 3853 se
545 3788 730 3872 contingunt
753 3796 785 3852 et
807 3796 1048 3873 compenetrsnt.
1093 3790 1186 3867 Quod
1208 3792 1270 3859 sint
1291 3794 1399 3859 imme·

297 3902 389 3981 diats,
404 3908 499 3986 patet,
515 3900 587 3985 quia
601 3908 705 3964 motus
718 3899 826 3985 nequit
840 3900 915 3980 fieri,
931 3909 962 3966 et
976 3923 1040 3967 non
1055 3905 1240 3989 supponitur
1254 3906 1329 3987 fieri,
1344 3931 1400 3993 per

297 4014 427 4079 saltum:
451 4012 535 4098 quod
548 4021 661 4091 autem,
677 4020 713 4075 ut
727 4011 914 4092 immediata,
931 4036 963 4078 se
978 4025 1217 4100 compenetrent,
1232 4017 1299 4103 ipso
1315 4020 1397 4085 Gou-

297 4126 380 4193 dinio
405 4133 572 4203 astruente,
595 4131 783 4210 compertum
800 4134 856 4189 est.
902 4126 986 4211 Ergo
1011 4128 1098 4192 nulla
1121 4130 1277 4215 proportio
1306 4134 1396 4197 etiam

297 4237 471 4302 transitoria
485 4256 645 4320 exsurgere
660 4244 761 4321 potest
776 4237 858 4302 inter
872 4237 998 4321 globum
1015 4250 1045 4304 et
1060 4239 1188 4326 planum
1206 4266 1259 4327 per
1278 4255 1398 4309 motum

296 4351 388 4415 unius
402 4370 495 4432 supra
510 4347 649 4412 alterum.
