3200 4984
304 369 348 432 46
719 389 761 434 nu
779 387 964 434 rnrncrrna
1248 373 1336 458 [car.
1354 395 1409 448 ιιι

347 557 506 622 onerario
521 577 602 620 accc
615 557 786 622 ndatantioe
800 556 964 620 memoro
977 578 1036 620 non
1050 564 1094 622 eat
1117 560 1261 623 ιναιιιίιιιι
1281 563 1412 626 materia

294 670 402 754 primic
416 669 452 734 de
465 690 523 734 uno
538 689 600 736 aare
608 669 708 752 primo
729 669 770 732 ad
789 668 875 732 aliud
893 690 955 732 carc
969 670 1111 752 primam,
1126 670 1179 734 aed
1198 679 1242 736 eat
1266 674 1411 738 ινιιιιὲιιιι

299 782 428 846 amterioe
434 781 575 866 sorrnctoe
585 785 627 859 (ιι
642 779 757 864 quidem
770 780 924 844 retinentia
933 779 1155 863 transennam
1168 782 1407 867 doctoralem)

299 893 335 957 de
348 914 406 958 cao
421 913 483 958 crae
496 892 629 956 natarali
643 892 684 955 ad
696 890 853 955 aliudesse
867 891 1013 955 naturale.
1060 893 1160 964 Quare
1173 915 1233 956 coa
1243 903 1409 977 pencrctar

293 1005 417 1088 proprie
429 1025 504 1069 aava
518 1004 693 1081 anhelantia,
709 1002 761 1067 aed
772 1024 848 1065 nova
862 1007 971 1066 actara
981 1001 1195 1067 ιιιιιιιιιὲιιιι.

344 1115 413 1180 Ηοι
427 1114 584 1180 theorema
598 1114 659 1178 iam
674 1111 780 1178 haberi
799 1121 902 1196 potest
922 1120 958 1176 ut
978 1112 1223 1180 demonstratum
1236 1136 1273 1179 ex
1286 1114 1324 1179 iia
1339 1138 1410 1201 quae

300 1249 392 1311 supra
414 1225 567 1291 diximus:
591 1225 644 1291 sed
666 1234 702 1289 ut
724 1247 773 1288 res
795 1224 908 1288 clarius
929 1231 1059 1303 constet,
1075 1224 1187 1290 iterum
1209 1227 1341 1292 breviter
1359 1229 1408 1294 in·

299 1360 393 1403 uuam
407 1338 540 1404 rationes
556 1359 649 1421 supra
662 1336 824 1420 expositas.
870 1335 951 1400 Sunt
973 1343 1077 1400 autem
1093 1340 1127 1400 1⁰
1141 1337 1223 1422 qnia,
1239 1339 1266 1403 si
1280 1342 1409 1406 materia

299 1450 399 1536 prima
423 1449 569 1515 transiret
595 1449 633 1514 de
648 1470 711 1514 uno
732 1469 797 1512 esse
816 1446 916 1532 primo
934 1447 974 1512 ad
993 1446 1077 1512 aliud
1096 1469 1162 1513 esse
1181 1450 1327 1533 primum,
1344 1460 1408 1517 ter·

298 1563 402 1628 minus
431 1561 637 1646 generationis
666 1567 745 1624 esset
775 1557 949 1623 substantia
976 1559 1083 1642 prima
1142 1560 1205 1625 Sed
1234 1562 1408 1630 substantia

297 1675 396 1761 prima
424 1673 533 1758 nequit
562 1695 628 1738 esse
651 1671 802 1736 terminus
828 1669 1052 1755 generationis3
1083 1672 1229 1756 competit
1254 1673 1337 1738 enim
1360 1676 1407 1740 illi

298 1785 402 1867 creari,
414 1807 478 1850 non
489 1785 587 1870 gigni.
622 1785 655 1850 Si
670 1783 753 1850 enim
765 1791 972 1868 generaretur,
982 1780 1156 1847 substantia
1169 1785 1299 1870 simplex
1312 1810 1406 1872 gene·

297 1907 426 1978 raretur,
441 1906 477 1962 ut
492 1905 612 1964 constat
627 1919 664 1962 er
679 1896 769 1961 dictis
783 1918 817 1959 n.
832 1897 876 1960 39
890 1903 922 1959 et
942 1893 1024 1959 alibi.
1071 1894 1132 1959 Sed
1151 1916 1256 1960 omnes
1277 1919 1405 1964 consen·
1440 1986 1445 1993 θ

297 2009 380 2073 tiunt
397 2006 601 2073 substantiam
617 2007 786 2092 simplicem
800 2029 865 2071 non
879 2005 1030 2091 generari.
1066 2005 1150 2090 Ergo
1161 2028 1226 2071 non
1240 2018 1406 2091 generatur
1430 1997 1434 2004 ¹

298 2119 469 2186 substantia
494 2119 603 2205 prima.
657 2121 692 2185 2⁰
708 2119 799 2205 quia,
824 2117 851 2183 si
874 2116 1047 2183 substantia
1075 2117 1175 2202 prima
1197 2129 1404 2204 generaretur,

296 2233 386 2314 illud,
402 2232 485 2319 quod
499 2255 553 2318 per
568 2231 796 2318 generationem
811 2232 922 2296 transit
937 2230 975 2295 ab
990 2252 1054 2296 uno
1068 2253 1135 2295 esse
1148 2231 1249 2316 primo
1264 2234 1405 2300 adalind

295 2367 361 2410 esse
382 2344 528 2430 primurn,
551 2352 631 2409 esset
654 2343 780 2408 materia
801 2343 913 2428 prima,
937 2364 1005 2427 quae
1027 2350 1160 2407 mutaret
1179 2343 1310 2409 formam
1330 2346 1403 2411 sub·

296 2455 479 2522 stantialem.
524 2455 623 2540 Atqui
644 2454 771 2520 materia
793 2455 892 2539 prima
914 2454 1022 2539 nequit
1044 2454 1174 2520 transire
1194 2455 1233 2521 de
1254 2479 1317 2522 uno
1337 2482 1403 2525 esse

295 2568 334 2635 ad
356 2568 450 2634 aliud.
494 2569 578 2652 Ergo
600 2589 664 2632 non
687 2575 853 2651 generatur
874 2565 1047 2631 substantia
1068 2566 1177 2650 prima.
1226 2567 1328 2634 Maior
1349 2572 1402 2636 ad·

296 2680 430 2746 mittitur
445 2680 483 2744 ab
498 2678 686 2759 adversariis,
705 2688 736 2742 et
756 2687 813 2742 ιιι
826 2678 950 2743 evidens
964 2700 1000 2742 ex
1018 2679 1197 2744 notionibus
1214 2683 1349 2748 materiae
1370 2692 1402 2748 et

295 2791 401 2856 formae
415 2791 620 2855 communiter
634 2790 773 2874 receptis.
812 2791 918 2854 Minor
931 2812 1003 2856 vero
1017 2799 1186 2857 constater
1200 2793 1290 2858 dictis
1304 2818 1337 2859 n.
1347 2797 1401 2860 36.

295 2902 378 2966 Nam
401 2902 485 2987 quod
507 2902 617 2966 transit
640 2900 677 2966 de
703 2924 767 2965 uno
793 2902 833 2966 ad
855 2902 941 2966 aliud
966 2925 1032 2966 esse
1055 2913 1101 2967 est
1125 2903 1299 2969 subiectum
1321 2907 1402 2972 reale

294 3012 467 3098 physicum,
490 3012 616 3098 physice
645 3012 822 3096 attingibile
844 3037 863 3078 a
888 3036 978 3078 causa
1007 3015 1156 3080 efficiente
1185 3018 1401 3100 generationis.

294 3125 392 3208 Atqui
405 3124 533 3190 materia
546 3124 645 3210 prima
658 3144 722 3188 non
737 3134 783 3189 ιιι
798 3126 972 3191 subiectum
987 3126 1078 3192 reale.
1116 3128 1201 3213 Ergo
1212 3152 1276 3194 non
1289 3132 1401 3195 transit

294 3235 333 3300 de
354 3257 417 3301 uno
439 3259 504 3302 esse
525 3236 559 3300 in
580 3235 674 3300 aliud.
719 3239 754 3301 3⁰
768 3238 841 3322 quia
859 3238 988 3302 materia
1009 3239 1112 3304 existit
1133 3263 1188 3325 per
1209 3242 1401 3308 existentiam

293 3346 408 3430 formae,
423 3357 459 3413 ut
474 3371 566 3433 supra
579 3347 720 3412 habitum
736 3358 792 3428 est,
809 3372 840 3413 n.
856 3353 878 3414 9
892 3358 924 3413 et
940 3352 993 3413 10.
1039 3349 1073 3413 Si
1091 3372 1164 3435 ergo
1184 3353 1402 3435 parentiorma

294 3460 504 3525 substantialis
523 3459 616 3544 prior,
639 3467 675 3524 ut
696 3461 849 3544 posterior
867 3460 1019 3540 adveniat,
1039 3462 1119 3546 perit
1140 3462 1303 3527 existentia
1317 3465 1400 3548 prior

291 3571 436 3652 materiae,
463 3579 494 3636 et
517 3571 639 3636 advenit
664 3593 743 3637 nova
769 3571 940 3650 existentia,
967 3594 1021 3636 seu
1047 3595 1145 3638 novus
1167 3583 1254 3639 actus
1278 3577 1425 3643 essendi.

290 3682 399 3767 primo.
444 3681 552 3767 Atqui,
566 3682 624 3746 hoc
643 3682 754 3766 posito,
778 3705 842 3746 non
865 3690 969 3746 manet
989 3684 1117 3749 materia
1136 3685 1228 3769 prior,
1244 3686 1299 3751 sed
1319 3710 1399 3753 nova

291 3794 435 3860 succedit.
479 3793 521 3858 Et
538 3793 582 3857 sic
598 3816 662 3857 non
683 3803 729 3858 est
748 3793 854 3858 eadem
876 3795 1013 3874 materia,
1035 3795 1068 3858 id
1090 3806 1138 3860 est
1157 3797 1249 3881 prior,
1272 3821 1307 3862 ea
1329 3821 1398 3884 quae

288 3907 401 3972 transit
423 3907 461 3970 de
482 3927 545 3970 uno
567 3927 633 3970 ease
652 3905 685 3969 in
708 3905 801 3985 aliud,
822 3928 857 3970 eo
875 3905 942 3989 ipso
962 3905 1046 3990 quod
1068 3908 1253 3992 supponitur
1266 3911 1397 3976 transire

290 4018 328 4084 de
342 4042 405 4084 uno
420 4041 485 4084 esse
499 4019 533 4082 in
547 4017 640 4082 aliud.
686 4018 768 4102 Ergo
791 4017 1061 4083 contradictorium
1083 4029 1131 4084 est
1151 4020 1250 4085 dicere
1270 4045 1396 4106 genera-

288 4131 403 4196 tionem
418 4131 483 4196 fieri
497 4153 552 4215 per
566 4129 732 4194 transitum
747 4132 880 4195 materiae
899 4131 1006 4215 primae
1026 4131 1064 4196 de
1085 4156 1147 4197 uno
1162 4156 1228 4198 esse
1242 4135 1343 4219 primo
1356 4136 1396 4201 ad

288 4241 372 4307 aliud
386 4265 452 4308 csse
465 4241 609 4327 primum.
654 4243 690 4305 4⁰
704 4241 787 4327 quia,
802 4243 971 4308 fatentibus
985 4243 1174 4325 adversariis,
1182 4248 1318 4312 'materia
1331 4270 1395 4312 non

288 4362 390 4437 potest
413 4352 545 4436 recipere
566 4374 675 4419 novam
702 4353 832 4418 formam
854 4354 915 4418 nisi
935 4354 976 4419 sit
999 4363 1072 4420 actu
1094 4356 1251 4442 disposita.
1296 4362 1396 4446 Atqui
