3200 4984
227 378 384 463 oar.,111.]
533 400 575 443 aa
592 400 792 445 susaraurra
808 400 989 445 corconna.
1261 382 1323 445 221

225 562 331 627 eadem
356 563 390 627 in
414 564 498 628 omni
521 565 681 645 elemento,
706 574 782 652 quot
812 574 886 629 sunt
909 566 1062 630 elementa
1083 565 1117 630 in
1146 588 1256 644 massa,
1280 572 1328 629 tot

224 675 305 739 trahi
321 674 451 741 debent:
474 686 580 741 contra
592 680 707 742 tutae
721 678 855 763 pertinet
869 677 908 742 ad
923 679 985 741 vim
1000 678 1138 758 activam,
1147 700 1219 763 quae
1231 700 1326 763 quum

225 798 356 873 nequeat
378 812 443 853 esse
461 790 618 857 attractiva
632 790 665 853 in
681 790 826 855 omnibus
848 790 1016 869 elementis,
1035 791 1089 855 sed
1110 790 1279 855 necessario
1293 790 1327 855 in

225 900 333 965 multis
349 901 388 965 sit
410 901 570 985 repulsiva,
585 924 648 966 non
664 911 794 988 possunt
809 911 885 987 quot
907 912 980 966 sunt
994 902 1145 967 elementa
1158 902 1192 965 in
1213 924 1324 982 massa,

226 1022 273 1079 tot
288 1014 417 1094 trahere,
432 1014 486 1078 sed
508 1014 648 1099 quaedam
664 1013 777 1079 dehent
798 1014 953 1098 repellere.
999 1013 1090 1079 Unde
1104 1014 1256 1079 resultans
1278 1036 1328 1079 ac·

225 1123 318 1193 tionis
329 1124 387 1189 erit
401 1124 634 1209 proportionalis
650 1124 828 1196 differentiae
841 1121 960 1189 rra-ml
989 1124 1031 1188 lat
1044 1125 1103 1189 hoc
1117 1125 1149 1190 in
1164 1124 1327 1211 hypothesi

226 1235 459 1321 simplicissima,
475 1237 557 1322 quod
573 1236 723 1302 elementa
738 1237 897 1301 attractiva
911 1246 942 1301 et
957 1237 1110 1323 repulsiva
1125 1237 1187 1301 sint
1200 1237 1326 1322 aequalis

224 1348 421 1413 intensitatis.
468 1349 502 1412 Si
531 1350 613 1413 enim
643 1360 858 1434 supponantur
887 1349 1011 1414 diversae
1033 1349 1232 1429 intensitatis,
1255 1350 1326 1414 licet

225 1460 326 1544 quoad
348 1460 554 1545 passivitatem
570 1460 649 1525 nihil
669 1462 861 1540 immutetur,
875 1471 907 1526 et
921 1462 990 1526 ideo
1011 1485 1111 1527 massa
1130 1485 1249 1546 semper
1264 1472 1326 1527 tru-

226 1573 315 1637 datur
330 1571 498 1636 secundum
520 1595 552 1637 se
572 1580 678 1653 totam,
693 1581 806 1651 tamen,
821 1572 923 1657 quoad
941 1573 1101 1652 actionem,
1116 1573 1328 1639 introducetur

225 1684 427 1769 complicatio,
443 1694 473 1749 et
488 1707 550 1751 non
568 1685 625 1749 erit
640 1685 771 1769 amplius
789 1686 931 1752 attractio
945 1686 1069 1771 pmcise
1082 1686 1116 1749 in
1131 1687 1326 1771 proportione

226 1796 405 1861 differentia
419 1796 536 1877 m-m',
553 1797 607 1861 sed
628 1806 731 1862 tamen
746 1797 847 1862 adhuc
861 1797 1006 1883 pendebit
1020 1798 1059 1863 ab
1073 1798 1131 1863 hac
1145 1798 1325 1878 differentia,

225 1919 256 1975 ct
271 1918 414 1993 exsurget
428 1932 465 1973 ex
479 1909 649 1974 differentia
663 1909 879 1975 resultantium
894 1933 930 1974 ex
943 1910 1114 1975 actionibus
1128 1912 1326 1995 quantumvis

226 2020 426 2105 inaequalibus
450 2020 670 2086 elementorum
699 2045 727 2086 m
757 2030 787 2087 ct
816 2044 854 2086 cx
880 2021 1053 2088 actionibus
1082 2022 1242 2107 repulsivis
1265 2022 1325 2087 ele·

225 2141 399 2199 mentorum
415 2130 461 2198 m'.

272 2248 344 2310 130.
370 2246 430 2310 Hic
459 2246 694 2311 examinandum
724 2252 771 2309 cst
799 2245 879 2313 illud
910 2245 1095 2331 principium
1128 2245 1324 2332 physicorum

225 2357 308 2442 quod
323 2360 399 2431 actio
415 2366 445 2422 et
458 2360 567 2422 ceretio
582 2380 693 2441 semper
706 2366 775 2421 ruat
789 2358 923 2441 remam.

271 2468 340 2532 Sint
364 2468 433 2533 duae
455 2491 562 2549 massae
581 2470 625 2532 M
647 2477 678 2533 et
700 2464 751 2532 Μ’
772 2468 837 2553 (fig.
855 2470 921 2553 19).
966 2468 999 2533 Si
1017 2468 1114 2533 ambae
1135 2480 1241 2533 massae
1263 2469 1326 2534 sint

226 2580 307 2644 inter
322 2603 354 2645 sc
373 2580 580 2665 homogenaea,
603 2603 657 2646 scu
679 2580 816 2645 eiusdem
837 2589 963 2660 naturae,
979 2580 1122 2666 quaelibet
1143 2581 1292 2646 malecula
1306 2605 1327 2646 c

225 2692 319 2756 unius
341 2701 461 2756 tantum
481 2701 552 2776 aget
573 2693 607 2757 in
627 2691 796 2779 quamlibet
810 2688 837 2756 α’
852 2692 986 2771 alterius,
1001 2702 1152 2777 quantum
1174 2692 1239 2757 haec
1260 2693 1325 2777 agit

225 2804 376 2871 inillam.
422 2805 502 2869 Sunt
517 2804 599 2869 enim
621 2804 654 2868 in
677 2825 709 2869 se
731 2804 862 2889 aquales
883 2812 1007 2889 propter
1025 2803 1303 2888 homogeneitatem
1312 2830 1325 2885 3

225 2917 309 2981 unde
328 2915 446 2981 habent·
462 2917 599 2981 eamdem
621 2916 832 2981 intensitatcm
848 2916 914 2983 vis:
944 2926 975 2980 et
997 2925 1095 3001 agrmt
1112 2939 1149 2981 ex
1169 2916 1326 2983 communi

226 3029 390 3107 distantia3
416 3027 499 3093 unde
521 3028 637 3093 habent
660 3029 752 3093 etiam
775 3028 921 3114 aequalem
947 3028 1077 3093 actionis
1104 3027 1325 3095 intensitatcm.

227 3142 319 3206 Unde
335 3141 482 3225 sequitur,
497 3141 580 3226 quod
602 3139 751 3207 molecula
765 3164 783 3204 a
799 3141 864 3223 agit
877 3140 911 3203 in
925 3162 1032 3205 omnes
1052 3140 1217 3205 moleculas
1234 3141 1326 3206 simul

225 3276 334 3321 massae
349 3251 399 3318 Μ’
412 3262 563 3337 quantum
585 3275 691 3317 omnes
706 3252 865 3319 maleculae
886 3252 979 3316 simul
996 3275 1103 3317 massae
1116 3254 1166 3319 Mt
1180 3262 1278 3337 agunt
1292 3254 1327 3318 in

225 3367 323 3451 ipsam
345 3390 374 3430 a.
419 3364 507 3430 Idem
529 3364 692 3429 dicendum
714 3363 753 3428 de
774 3364 911 3449 qualibet
932 3364 1112 3429 moleculab
1135 3387 1242 3429 massae
1264 3366 1309 3429 M
1314 3390 1324 3442 3

225 3476 365 3543 videlicet
387 3475 536 3541 molecula
550 3477 568 3539 h
583 3475 647 3559 agit
662 3474 695 3538 in
710 3496 817 3539 omnes
839 3475 1005 3540 moleculas
1026 3498 1132 3543 massae
1147 3477 1191 3540 M
1190 3472 1208 3556 ⁸,
1224 3498 1279 3541 seu
1292 3476 1326 3542 in

225 3611 358 3653 massam
373 3585 432 3667 Ml,
447 3596 598 3673 quantum
621 3595 686 3651 tota
708 3610 808 3653 massa
821 3586 872 3651 Μ’
885 3588 951 3673 agit
965 3586 999 3651 in
1013 3588 1110 3672 ipsam
1125 3589 1144 3651 d
1152 3613 1162 3666 ;
1185 3597 1216 3653 et
1231 3588 1274 3653 sic
1288 3588 1327 3653 de

226 3701 304 3766 aliis.
350 3700 384 3764 Si
405 3723 478 3786 ergo
492 3701 545 3765 fiat
566 3723 686 3765 summa
706 3699 846 3765 omnium
869 3700 1096 3778 molecularum,
1112 3700 1223 3785 quibus
1243 3723 1326 3765 oom-

225 3813 352 3897 ponitur
373 3833 472 3876 massa
487 3814 537 3891 M,
552 3812 631 3875 actio
652 3811 756 3875 totalis
771 3811 916 3895 ipsarum,
932 3834 987 3875 seu
1008 3813 1087 3876 actio
1109 3834 1217 3876 massae
1232 3813 1275 3875 Μ
1292 3812 1325 3877 in

225 3946 358 3989 massam
374 3922 423 3987 Μ’
435 3921 568 4009 aequabit
590 3922 740 3987 actionem
755 3944 864 3993 massae
877 3917 928 3985 Μ’
941 3921 975 3985 in
989 3944 1095 3986 omnes
1117 3923 1208 4007 ipsas,
1225 3945 1279 3987 seu
1292 3922 1326 3987 in

225 4058 357 4101 massam
380 4036 427 4099 M.
473 4033 564 4111 Quod
587 4034 764 4099 enuntiatur
785 4031 914 4098 dicendo
932 4032 1016 4117 quod
1036 4034 1069 4097 ia
1089 4033 1201 4098 ἅυαὸιιε
1222 4035 1328 4099 mosaic

225 4150 303 4214 inter
316 4170 347 4213 se
360 4149 540 4233 dorwpcraeia
555 4150 634 4211 actia
648 4155 678 4211 ct
688 4147 797 4210 reuctio
812 4153 882 4209 runt
895 4146 1030 4229 amalec

270 4259 334 4325 Sed
355 4259 473 4347 physici
495 4258 657 4324 enuntiant
683 4257 865 4343 generaliter
885 4257 944 4321 hoc
965 4256 1132 4335 theorema,
1154 4257 1248 4322 etiam
1269 4280 1326 4342 pro

225 4373 334 4439 massis
349 4372 473 4437 diversae
493 4381 619 4440 namra.
664 4370 756 4435 Ratio
776 4378 833 4449 est,
848 4370 920 4455 q'uia
941 4368 1001 4455 ipsi
1022 4379 1202 4453 supponunt
1224 4370 1327 4444 omnia
