3200 4984
218 389 291 434 cnr.
309 367 365 453 11.]
590 389 708 432 neuun
726 386 961 432 uaruanmuu.
1274 370 1317 432 23

213 550 427 616 differentiam.
474 549 559 615 Licet
586 558 689 616 autem
713 560 846 636 nequeat
869 575 935 616 esse
960 573 1069 636 genus,
1090 559 1190 636 potest
1212 541 1317 616 tamen

212 682 278 726 esse
297 660 479 739 differentia,
495 659 570 746 quia
586 660 765 726 differentia
782 662 940 746 proprium
963 671 1010 726 ost
1024 671 1175 726 coarctare
1190 683 1316 748 concep-

213 780 281 836 tum
304 771 502 855 genoricum:
525 771 611 856 atqui
633 793 693 835 aaa
715 794 766 836 eru
788 772 948 838 relativum
962 782 1065 857 potest
1078 781 1230 837 coarctare
1245 796 1316 837 con-

214 891 339 967 ceptum
354 890 451 960 actus,
468 881 547 946 sicut
564 903 656 967 supra
670 881 813 960 vidimus,
829 883 895 946 eius
917 882 1133 966 perfectionem
1155 881 1317 948 limitando

212 1016 247 1058 ac
261 992 466 1058 terminando.
511 993 605 1077 Ergo.
651 992 754 1069 Quare
769 993 996 1057 admittendum
1010 1002 1057 1057 est
1079 993 1197 1058 axioma
1219 996 1318 1060 Actus

212 1114 256 1168 est
279 1107 331 1188 qui
354 1105 528 1188 distiapuit3
552 1103 605 1168 sed
628 1103 814 1189 ubicumque
834 1112 881 1167 est
898 1105 1014 1188 aliquid
1035 1104 1268 1170 differentiabile
1284 1113 1316 1169 et

216 1213 438 1299 distinguibile‚
454 1233 517 1278 non
532 1236 603 1278 vero
617 1213 670 1278 ubi
686 1214 763 1277 sitit
776 1223 833 1293 est,
849 1215 881 1278 in
896 1237 959 1300 quo
973 1224 1106 1300 ponatur
1120 1216 1299 1282 differentia.

257 1326 299 1388 Et
313 1327 398 1390 iuvat
412 1326 463 1390 hic
478 1326 589 1390 addere
603 1325 764 1404 rationem,
778 1348 833 1390 cur
847 1325 1018 1390 differentia
1031 1327 1148 1410 petitur
1168 1350 1186 1391 a
1207 1329 1314 1392 forma.

216 1437 367 1502 Homines
383 1437 465 1501 enim
481 1459 517 1501 ax
531 1436 623 1501 rebus
639 1437 834 1502 sensibilibus
855 1437 1012 1502 deducunt
1032 1439 1188 1517 terminos,
1204 1439 1317 1524 quibus

211 1557 345 1613 utuntur
354 1575 363 1627 ;
386 1549 420 1613 iu
441 1548 637 1613 sensibilibus
655 1557 758 1612 autem
774 1549 902 1614 materia
915 1558 962 1613 est
976 1549 1157 1628 communis,
1173 1558 1204 1613 et
1218 1550 1316 1615 forma

211 1651 259 1725 est
282 1682 364 1744 saepe
387 1660 513 1725 diversa
560 1661 603 1724 Aa
625 1660 689 1725 baec
711 1660 839 1724 materia
860 1659 1013 1725 sensibilis
1034 1682 1097 1724 non
1119 1669 1166 1724 est
1185 1660 1317 1746 ‘materia

212 1772 321 1856 prima,
338 1771 392 1835 sed
406 1779 546 1851 actuata3
569 1780 600 1836 et
615 1771 682 1836 ideo
698 1780 745 1836 est
759 1795 830 1836 vera
844 1772 966 1836 realitas
980 1781 1060 1852 actu,
1076 1781 1108 1836 et
1122 1773 1317 1856 cognoscitur

211 1905 267 1967 per
281 1883 432 1948 actionem
447 1883 480 1946 in
496 1905 612 1947 sensus.
638 1883 721 1948 Hinc
735 1907 772 1948 ex
786 1883 959 1948 diversitate
973 1884 1129 1948 actionum
1145 1883 1317 1948 iudicamus

213 1994 251 2058 de
274 1993 451 2058 diversitate
473 1995 649 2058 formarum.
696 1994 757 2058 Sed
778 1994 885 2059 formae
906 1994 981 2073 istae,
998 2017 1066 2079 quae
1088 1994 1317 2058 exactionibus

212 2105 275 2169 suis
302 2105 487 2185 iudicantur,
508 2128 572 2170 uon
600 2113 673 2168 sunt
699 2105 862 2190 simplices,
886 2105 940 2169 sed
966 2105 1149 2169 resultantes
1175 2128 1211 2168 ex
1236 2128 1317 2169 nexu

211 2225 322 2281 mutuo
337 2217 482 2301 partium,
499 2216 612 2301 quibus
627 2216 822 2300 componitur
836 2238 946 2300 corpus
962 2216 1124 2293 sensibile3
1147 2225 1178 2280 et
1195 2217 1237 2280 sic
1252 2239 1315 2280 non

214 2335 288 2391 sunt
312 2327 419 2392 formae
439 2323 514 2412 ipsae
534 2327 750 2391 substantiales
772 2327 833 2391 illae
852 2327 888 2390 de
903 2328 1016 2410 quibus
1030 2349 1086 2410 per
1099 2327 1315 2410 experientiam

211 2437 393 2518 iudicamus,
406 2438 460 2502 sed
469 2439 573 2502 formae
582 2439 765 2503 resultantes
775 2461 813 2502 ex
829 2438 1053 2522 conspiratione
1068 2438 1190 2522 speciali
1204 2438 1316 2502 forma-

209 2571 279 2613 rum
295 2549 554 2629 substantialium,
578 2560 614 2614 ut
630 2559 735 2634 postea
749 2549 974 2634 explicabimus.
1021 2550 1140 2613 llormae
1163 2550 1269 2633 igitur,
1281 2550 1314 2613 in

212 2669 363 2744 quantum
387 2661 581 2725 constituunt
602 2683 726 2744 corpora
742 2661 929 2725 diversarum
944 2668 1135 2739 naturarum,
1150 2661 1317 2725 adveniunt

212 2772 319 2836 formis
340 2771 505 2856 primitivis
524 2771 668 2836 dantibus
691 2773 826 2856 primum
845 2795 910 2835 esse
924 2772 1083 2836 elementis
1097 2794 1270 2856 corporum,
1285 2782 1316 2837 et

214 2884 257 2947 sic
271 2891 518 2968 praesupponunt
530 2905 596 2947 esse
611 2882 762 2947 elementa
776 2883 844 2967 ipsa
858 2883 891 2946 in
907 2905 1009 2948 rerum
1024 2890 1140 2959 natura,
1150 2884 1208 2947 iam
1231 2893 1316 2948 actu-

213 3003 282 3074 ata3
312 3018 380 3080 quae
403 2995 553 3060 elementa
577 3018 671 3079 quum
703 2995 823 3079 possint
849 2994 1050 3058 diversimode
1074 3015 1254 3058 concurrere
1277 2994 1316 3058 ad

214 3106 347 3171 diversas
362 3116 489 3170 naturas
504 3107 741 3190 componendas,
757 3106 909 3169 elementa
923 3115 1123 3170 assumuntur
1137 3113 1173 3169 ut
1190 3106 1318 3169 materia

214 3217 432 3302 compositi,.et
452 3239 558 3282 eorum
582 3219 736 3282 actionum
759 3217 971 3281 determinatio
988 3226 1023 3280 ut
1044 3219 1152 3296 forma,
1169 3240 1230 3302 qua
1244 3217 1316 3281 talis

212 3337 324 3392 natura
353 3329 520 3413 composita
543 3329 580 3392 ab
603 3329 661 3392 alia
684 3327 796 3393 differt.
841 3328 1021 3412 Philosophi
1044 3337 1148 3392 autem
1174 3328 1316 3392 eumdem

213 3440 339 3504 modum
363 3439 613 3505 considerationis
635 3440 863 3503 transtulerunt
885 3440 924 3504 ad
944 3440 1074 3525 primam
1090 3418 1317 3518 substantiam

214 3559 245 3614 et
270 3552 350 3615 sicut
374 3550 412 3615 de
438 3551 565 3614 materia
591 3553 732 3614 existente
761 3559 792 3613 et
818 3550 923 3614 formis
953 3552 1247 3635 supervenientibus,
1273 3553 1317 3615 ita

212 3663 308 3726 locuti
324 3671 396 3726 sunt
413 3663 450 3726 de
465 3662 591 3727 materia
606 3662 747 3726 octuobilr'
762 3669 793 3724 et
814 3662 852 3725 de
870 3662 968 3726 forma
987 3685 1053 3725 eam
1076 3671 1229 3741 actuante,
1245 3683 1316 3726 oon-

214 3774 377 3838 stituentes
399 3774 530 3858 primam
553 3774 586 3836 in
610 3794 721 3857 genere
743 3780 773 3836 et
797 3773 961 3836 secundam
981 3773 1014 3835 in
1030 3772 1208 3836 differentia.
1256 3773 1316 3836 Sed

214 3908 275 3949 non
287 3886 484 3950 adverterunt
493 3908 636 3969 magnam
646 3907 711 3948 esse
720 3883 928 3968 disparitatem
938 3884 1018 3947 iuter
1026 3893 1192 3968 utrumqne
1201 3905 1316 3964 casum,

215 4005 246 4060 et
261 3997 304 4061 sic
319 3997 450 4060 infinitis
466 3997 686 4082 quaestionibus
702 4019 733 4059 se
748 3995 976 4080 implicuerunt,
991 3995 1103 4079 quibus
1118 3996 1217 4060 adhuc
1235 3995 1318 4079 pleni

213 4118 287 4172 sunt
300 4108 382 4187 libri,
398 4109 474 4192 quin
490 4117 632 4194 appareat
648 4130 752 4171 earum
769 4107 926 4170 definitiva
940 4107 1096 4172 resolutio.

255 4220 436 4284 Verumest
451 4228 566 4298 tamen,
583 4218 839 4304 potentialitatcm
859 4219 993 4282 materiae
1015 4241 1080 4281 esse
1102 4218 1218 4302 aliquid
1237 4240 1320 4282 com·

212 4353 307 4394 mune
333 4329 485 4414 pluribus,
502 4331 575 4396 dum
597 4331 703 4394 formae
726 4337 885 4392 actuantes
900 4338 1030 4413 possunt
1045 4352 1111 4392 esse
1125 4330 1267 4408 diversae3
1290 4339 1321 4393 et
