3200 4984
285 343 349 407 148
601 362 644 404 nn
660 360 865 405 sunsrsnrra
880 358 1062 404 corrosas.
1244 334 1328 419 [cra.
1345 354 1388 397 11.

330 528 464 614 Insuper
474 526 659 607 addendam,
671 528 755 614 quod
765 527 792 592 si
802 526 940 612 potentia
951 524 1048 590 activa
1059 522 1202 588 elementi
1213 521 1386 600 materialis,

284 638 370 705 iuxta
383 639 586 705 obiectionem
600 638 722 719 factam,
734 661 797 704 non
812 648 892 703 esset
907 638 967 701 nisi
982 636 1014 701 in
1029 644 1154 721 puncto,
1165 633 1270 698 nullus
1286 646 1388 697 motus

283 760 364 817 esset
378 750 560 819 naturaliter
579 750 732 836 possibilis
740 778 751 831 3
773 751 847 837 quia
866 750 952 815 nulla
971 747 1109 833 potentia
1129 748 1226 812 activa
1244 745 1389 831 applicari

285 872 389 949 posset
411 862 502 929 alicui
524 864 660 929 materiae
683 863 835 928 distinctae
857 885 875 926 a
897 884 953 927 sua
974 860 1111 939 materia,
1126 882 1183 924 nee
1198 882 1269 923 suae.
1316 858 1389 921 Non

286 976 371 1043 enim
398 974 603 1060 applicaretur
631 976 766 1039 materiae
795 973 933 1053 distanti,
960 972 1032 1057 quia
1061 970 1199 1055 potentia
1228 970 1325 1043 activa
1353 992 1391 1033 ex

287 1084 451 1172 hypothesi
467 1108 529 1151 non
549 1108 582 1150 se
601 1085 777 1151 extenderet
796 1086 831 1149 in
852 1084 988 1149 distans:
1010 1105 1067 1147 nee
1086 1081 1218 1146 materiae
1236 1080 1390 1166 praesenti,

287 1197 361 1283 quia
383 1197 470 1263 nulla
495 1206 575 1263 esset
599 1198 743 1277 directi03
767 1220 840 1262 nam
866 1196 992 1261 directio
1015 1194 1109 1279 exigit
1134 1194 1195 1259 duo
1212 1203 1327 1277 puncta
1345 1192 1392 1256 di-

288 1310 413 1375 stincta.
455 1310 541 1395 Ergo
559 1310 715 1375 evidenter
732 1308 907 1387 dicendum,
921 1308 1092 1392 potentiam
1111 1306 1239 1371 activam
1259 1306 1394 1369 materiae

289 1420 451 1486 extendere
476 1444 508 1486 se
531 1431 616 1489 extra
639 1430 789 1508 punctum
809 1421 841 1485 in
862 1442 924 1505 quo
945 1429 992 1484 est
1011 1419 1136 1483 materia
1158 1418 1234 1503 ipsa.
1278 1418 1320 1481 Et
1335 1418 1394 1481 hoc

291 1531 404 1597 sufficit
418 1532 458 1597 ad
471 1532 639 1598 tollendam
654 1555 777 1598 ornnem
791 1533 853 1597 vim
868 1532 1031 1597 ohiectioni
1045 1531 1142 1595 factae.

334 1645 389 1708 61.
410 1645 552 1711 Iactatis.
575 1646 676 1712 Causa
690 1669 752 1711 non
767 1654 869 1731 potest
884 1668 973 1729 agere
988 1644 1042 1709 ubi
1056 1667 1119 1709 non
1134 1653 1181 1709 est
1195 1653 1276 1710 actu.
1310 1644 1395 1728 Ergo

291 1754 337 1821 vis
351 1756 499 1836 materiae,
515 1765 552 1822 ut
573 1767 645 1841 agat
667 1758 700 1821 in
720 1758 848 1836 distans,
865 1756 955 1822 dehet
975 1765 1045 1821 actu
1065 1778 1131 1820 esse
1149 1765 1233 1820 extm
1253 1765 1393 1820 centrum

290 1888 405 1945 suum3
437 1890 511 1953 ergo
541 1868 632 1935 dehet
660 1869 772 1935 hahere
800 1869 950 1935 actualem
980 1854 1185 1934 nhicationem
1208 1868 1396 1952 ubicumque

291 2001 383 2063 agere
396 1988 508 2064 potest,
524 2003 578 2046 seu
593 1980 716 2067 ubique.

336 2091 529 2176 Respondes,
545 2092 647 2178 ipsum
662 2116 748 2178 opere
762 2114 861 2157 causae
875 2091 953 2156 nihil
968 2092 1052 2156 aliud
1067 2114 1142 2169 esse,
1154 2091 1214 2154 nisi
1223 2092 1345 2175 prodire
1358 2114 1397 2155 cre

284 2206 424 2288 polemio
446 2206 479 2268 in
502 2214 618 2283 aetum3
653 2204 736 2268 unde
762 2204 899 2288 potentia
921 2204 957 2268 fit
983 2213 1054 2268 actu
1076 2203 1130 2281 ibi,
1156 2202 1211 2266 uhi
1233 2203 1336 2287 prodit
1361 2203 1395 2265 in

291 2324 406 2395 aetum,
420 2315 454 2380 id
471 2325 517 2381 est
534 2316 568 2380 in
586 2325 691 2381 centro
710 2316 854 2381 elementi
872 2317 963 2401 passi.
1010 2316 1055 2379 Ut
1071 2338 1143 2399 ergo
1157 2314 1254 2399 possit
1269 2316 1397 2379 materia

291 2448 382 2511 agere
397 2425 521 2512 ubique,
533 2427 709 2513 requiritur,
725 2436 756 2491 et
771 2427 893 2507 sufficit,
906 2435 941 2492 ut
955 2430 1094 2509 potentia
1108 2425 1173 2489 eius
1188 2426 1285 2489 activa
1299 2425 1396 2510 possit

291 2536 325 2600 in
340 2536 478 2623 quolibet
495 2540 547 2602 uti
565 2538 681 2603 actuari
707 2560 762 2623 per
784 2538 886 2623 ipsum
912 2546 1027 2615 actum,
1043 2559 1104 2622 quo
1128 2537 1202 2621 agit.
1247 2537 1339 2601 Unde
1363 2538 1395 2601 in

292 2646 391 2711 forma
405 2671 435 2711 a.
450 2657 514 2713 ont.
558 2648 650 2713 Ratio
675 2658 778 2712 autem
798 2657 855 2728 est,
870 2648 942 2733 quia
968 2648 1052 2712 aliud
1078 2659 1125 2711 est
1151 2647 1249 2712 dicere
1273 2671 1395 2712 causam

293 2779 357 2821 non
371 2779 461 2842 posse
475 2781 575 2843 agere,
589 2761 649 2823 nesi
661 2762 702 2823 sit
715 2768 794 2839 actu,
810 2768 841 2823 et
855 2757 940 2822 aliud
961 2780 1084 2822 causam
1103 2781 1167 2823 nou
1186 2780 1276 2842 posse
1296 2781 1395 2842 agere,

293 2869 353 2933 nisi
366 2869 418 2931 uti
431 2878 475 2933 cst
489 2871 521 2932 ia
535 2879 614 2934 actu.
660 2870 799 2934 Primum
815 2879 861 2933 est
877 2892 996 2955 semper
1011 2893 1127 2949 verum,
1142 2871 1214 2956 quia
1229 2893 1319 2935 causa
1333 2893 1396 2935 non

294 2977 369 3061 agit,
394 2978 456 3043 nisi
478 2990 550 3044 actu
575 2982 695 3048 existat.
742 2982 920 3047 Secundum
945 3004 1015 3046 vero
1038 2990 1085 3046 est
1110 2981 1234 3060 falsum,
1252 2984 1324 3067 quia
1347 2986 1398 3047 cti

295 3090 428 3175 pertinet
443 3091 482 3156 ad
504 3094 663 3158 materiam
685 3103 720 3159 ut
742 3096 910 3172 materiam,
926 3103 957 3159 et
980 3094 1107 3157 materia
1128 3103 1165 3157 ut
1186 3096 1312 3159 materia
1334 3118 1397 3159 non

294 3212 399 3267 causat
421 3202 537 3289 aliquid
558 3206 673 3285 active,
687 3205 741 3270 sed
762 3206 871 3289 recipit
899 3214 1021 3269 tantum
1043 3205 1180 3290 passive:
1210 3228 1246 3269 ex
1268 3228 1329 3291 quo
1352 3230 1399 3271 se-

296 3316 403 3401 quitur
417 3312 535 3380 nullam
549 3316 609 3381 vim
628 3317 757 3382 activam
775 3340 841 3381 esse
857 3318 891 3381 da
905 3340 937 3382 se
955 3326 1026 3382 actu
1045 3318 1079 3381 in
1094 3317 1195 3402 aliquo
1209 3320 1270 3383 abi.
1314 3319 1398 3403 Ergo

297 3449 389 3492 causa
414 3426 546 3490 efficiens
572 3436 691 3491 motum
715 3449 778 3491 non
807 3437 909 3512 potest
939 3428 1112 3491 secundum'
1138 3451 1224 3492 suam
1254 3430 1398 3495 virtutem

297 3538 482 3603 causativum
502 3560 568 3601 esse
588 3546 659 3602 actu
680 3538 714 3602 in
734 3539 803 3616 ubi;
826 3560 899 3621 ergo
918 3537 1031 3602 falsum
1053 3554 1109 3617 est,
1126 3539 1210 3622 quod
1224 3539 1288 3603 haec
1303 3540 1400 3605 virtus

299 3658 432 3735 nequeat
457 3670 547 3733 agere
571 3650 630 3711 nisi
651 3650 703 3711 oti
725 3657 769 3712 est
794 3650 827 3711 in
849 3657 928 3713 octa.
973 3648 1083 3733 Itaque
1102 3649 1201 3733 posita
1219 3672 1309 3715 causa
1329 3664 1400 3716 actu

299 3763 449 3827 existente
466 3762 508 3843 (et
521 3759 654 3825 habente
669 3782 761 3823 suum
774 3761 826 3823 uti
840 3760 957 3824 ratione
971 3762 1106 3823 materiae
1123 3762 1264 3845 propriae)
1289 3764 1315 3825 si
1334 3764 1401 3828 eius

300 3875 346 3940 vis
367 3873 456 3959 realis
478 3895 511 3936 se
532 3872 677 3936 extendat
698 3872 907 3955 potentialiter
930 3882 1061 3950 tantum,
1085 3895 1139 3935 seu
1162 3874 1339 3955 virtualiter,
1362 3876 1402 3940 ad

301 3985 445 4072 quaelibet
466 3986 526 4063 su,
547 3983 626 4046 nihil
649 3983 787 4067 impedit,
808 3984 974 4068 quominus
994 3983 1058 4047 haee
1079 3985 1218 4067 potentia
1240 3970 1403 4051 adactum

301 4098 482 4163 reducatur:
505 4104 536 4159 et
560 4093 684 4179 siquid
707 4094 791 4157 aliud
814 4104 959 4180 praeterea
982 4094 1063 4177 exigi
1088 4094 1161 4158 velis
1187 4119 1223 4159 ex
1248 4107 1334 4181 parte
1357 4101 1403 4163 vis

303 4210 432 4295 agentis,
449 4206 525 4275 illud
539 4228 603 4271 uon
619 4206 719 4270 solum
734 4206 895 4285 inutiliter,
911 4206 966 4270 sed
979 4206 1110 4271 absurde
1124 4208 1272 4291 exigetur.

347 4324 450 4406 Atque
468 4320 519 4386 hie
537 4330 671 4401 notetur,
685 4323 736 4385 ubi
752 4342 818 4385 esse
833 4320 880 4385 vel
895 4319 1021 4393 formale
1035 4319 1082 4384 vel
1097 4320 1235 4403 virtuale,
1250 4334 1342 4406 prout
1357 4324 1404 4388 vel
