3200 4984
293 383 359 447 254
650 403 693 449 nr
709 404 829 449 narnus
846 405 1039 449 concinnis.
1271 386 1357 471 [cir.
1373 408 1396 451 rt

294 571 401 659 repelli
415 596 444 637 v.
460 594 506 657 gr.
522 562 560 638 ab
581 573 683 660 aliquo
708 576 828 659 angelo,
850 598 912 641 non
932 574 1142 659 conciperetur
1165 585 1283 640 muare
1306 598 1396 641 suum

293 686 355 764 uhi,
377 685 450 770 quia
470 685 577 751 relatio
593 709 686 771 quam
702 686 793 751 babet
814 686 854 751 ad
873 686 1111 751 immensitatem
1125 686 1293 751 necessaria
1306 695 1399 751 estet

1578 285 1580 422 l

293 796 502 862 immutabilis.
550 798 584 863 Si
599 820 669 863 vero
683 800 734 863 ubi
747 799 791 863 rei
810 798 969 863 existentis
990 805 1184 883 comparetur
1203 798 1244 862 ad
1257 800 1309 862 abi
1321 799 1396 863 alte·
1508 813 1512 819 ’
1580 811 1581 824 ’

293 909 357 975 rius
376 908 421 973 rei
442 909 607 989 existentis,
628 910 792 975 habebitur
811 912 862 975 ubi
880 910 1051 989 relativum,
1066 933 1121 975 seu
1140 911 1251 975 modus
1272 910 1398 975 actualis

294 1021 443 1087 existendi
457 1022 490 1088 in
501 1022 599 1107 spatio
608 1023 749 1087 relativo:
773 1023 829 1107 qui
838 1022 949 1087 modus
959 1022 1117 1101 existendi,
1127 1046 1224 1107 quum
1232 1024 1399 1108 accipiatur

293 1134 427 1213 relative,
451 1133 603 1219 siguificat
627 1136 659 1199 in
682 1135 741 1199 hoc
764 1135 833 1199 loco
856 1135 984 1200 modum
1006 1135 1192 1200 terminandi
1220 1136 1396 1200 relationem

294 1245 376 1311 inter
388 1247 439 1311 nti
453 1254 484 1310 et
498 1247 558 1311 abi.

340 1359 391 1421 13.
415 1358 534 1422 Relatio
548 1358 629 1423 inter
642 1360 695 1423 ati
708 1371 740 1423 et
753 1360 806 1424 aba·
821 1359 934 1423 dicitur
948 1358 1104 1423 distantia.
1148 1359 1233 1443 Ergo
1252 1359 1398 1425 distantia

288 1473 387 1555 prima
396 1479 428 1535 et
436 1494 494 1555 per
506 1493 538 1534 se
551 1492 615 1534 non
629 1479 676 1535 est
687 1472 854 1555 quantitas,
868 1471 924 1535 sed
933 1472 1040 1535 relatio
1054 1472 1186 1536 existens
1196 1473 1278 1536 inter
1290 1474 1396 1537 modos

294 1583 443 1648 existendi
466 1582 598 1647 duorum
618 1582 833 1647 distinctorum
859 1593 1045 1668 punctorum
1068 1584 1271 1649 materialium
1290 1584 1324 1648 in
1339 1584 1395 1648 im-

294 1694 466 1773 mansitate,
482 1702 574 1779 prout
591 1694 656 1759 eius
671 1694 889 1759 virtualitatem
905 1695 1058 1760 distinctis
1073 1696 1238 1761 terminant
1252 1695 1396 1760 termina·

293 1805 441 1871 tionibus.
485 1806 590 1870 Potest
599 1807 884 1871 tamenseenndario
898 1819 931 1870 et
941 1829 997 1890 per
1014 1808 1099 1871 aliud
1119 1808 1238 1891 concipi
1252 1808 1396 1871 &tantia

294 1915 485 1981 admodum
511 1915 670 1981 amandam
695 1916 889 2001 quantitatis,
914 1917 941 1981 si
963 1916 1103 1981 videlicet
1128 1917 1336 1981 consideretur
1359 1928 1395 1979 ut

295 2036 383 2093 motu
397 2027 565 2093 successivo
585 2028 731 2093 continuo
754 2028 964 2112 pereurribilis
972 2055 982 2108 3
1005 2036 1081 2093 tunc
1095 2030 1179 2093 enim
1193 2040 1280 2093 actm
1294 2029 1395 2093 ubica·

294 2139 351 2205 tivi
364 2148 548 2224 punctorum
569 2139 783 2218 materialium,
798 2140 911 2225 quibus
931 2141 1113 2205 terminatur
1127 2141 1282 2221 distantia,
1297 2142 1395 2205 conci.

295 2251 424 2336 piuntur
432 2260 590 2336 tamquam
601 2260 687 2315 actus
702 2251 887 2335 potentiales
896 2252 935 2315 ad
944 2252 1113 2332 fluendum,
1122 2253 1224 2317 seuad
1233 2252 1397 2317 mudena,

295 2363 371 2427 dum
386 2385 417 2427 se
437 2385 490 2447 per
513 2370 642 2441 motum,
666 2385 728 2447 quo
752 2362 892 2447 signetur
915 2363 996 2427 linea
1013 2387 1050 2428 ex
1063 2386 1126 2428 uno
1140 2364 1181 2428 ad
1194 2364 1343 2429 alterumr
1366 2373 1396 2428 et

294 2486 387 2561 prout
412 2475 508 2540 maior
530 2475 577 2539 vel
603 2475 704 2539 minor
729 2476 864 2539 extensio
890 2485 993 2539 motus
1021 2475 1144 2540 linearis
1169 2485 1270 2560 potest
1294 2476 1396 2540 locum

295 2586 407 2653 babere
431 2587 512 2651 inter
540 2568 610 2650 illos
639 2586 796 2665 terminos,
827 2588 893 2671 ipsa
921 2587 1068 2652 distantia
1091 2596 1217 2652 vocatur
1244 2588 1397 2652 extensive

296 2698 391 2763 maior
405 2699 453 2763 vel
473 2699 583 2763 minor.
628 2697 731 2779 Quare
750 2698 897 2763 distantia
916 2708 1017 2783 potest
1037 2698 1097 2763 dici
1116 2699 1273 2784 quantitas
1289 2709 1397 2783 patea-

295 2812 408 2880 tiuliter
422 2819 453 2875 et
467 2812 644 2889 virtualiter,
657 2810 908 2896 quotiescumque
923 2811 1056 2895 spatium
1071 2812 1204 2875 fundans
1219 2811 1398 2876 relationem

295 2922 451 2987 distantiae
470 2922 551 2988 inter
571 2922 632 2986 duo
650 2924 702 2986 aaa·
720 2922 869 3007 accipitur
887 2944 951 2985 nou
971 2922 1148 3006 simpliciter
1163 2933 1198 2985 ut
1213 2922 1399 3005 possibilitas

296 3033 515 3113 nbioationum,
532 3032 585 3099 sed
598 3041 635 3120 ut
656 3032 843 3117 possibilitas
866 3032 1050 3097 extendendi
1071 3042 1192 3099 motum
1208 3032 1397 3097 ubicatir-um

295 3144 376 3209 inter
407 3145 475 3208 illos
505 3144 661 3215 terminos.
718 3144 810 3220 Quod
842 3155 946 3209 autem
970 3144 1076 3209 relatio
1100 3144 1252 3209 distantiae
1277 3168 1397 3229 perse,

295 3265 326 3321 et
349 3256 553 3321 abstrahendo
576 3280 594 3320 a
615 3255 751 3343 quolibet
780 3266 868 3321 motu
892 3257 1039 3341 possibili,
1063 3267 1195 3342 nequeat
1218 3257 1323 3322 baberi
1341 3280 1398 3341 pro

295 3368 476 3454 quantitate,
500 3377 620 3433 constat
644 3392 680 3433 ex
705 3392 740 3433 eo
766 3369 850 3454 quod
868 3369 993 3433 termini
1017 3369 1173 3433 relationis
1197 3370 1259 3436 sint
1281 3380 1398 3455 puncta

294 3480 499 3560 indivisibilia,
523 3502 654 3566 quorum
679 3480 765 3547 nulla
788 3491 835 3544 est
864 3481 1030 3565 quantitas,
1059 3480 1297 3545 fundamentum
1326 3503 1396 3544 vero

294 3594 431 3659 eiusdem
443 3592 606 3659 relationis
629 3615 692 3656 non
716 3594 757 3657 sit
778 3592 945 3677 quantitas,
965 3615 1004 3656 na
1026 3592 1164 3657 virtualis
1185 3592 1320 3677 quidem,
1336 3593 1396 3656 nisi

295 3729 349 3791 per
374 3705 606 3791 possibilitatem
636 3714 756 3769 motus:
788 3704 846 3769 hac
874 3705 971 3789 igitur
996 3704 1144 3789 neglecta,
1170 3704 1249 3768 nihil
1271 3714 1318 3768 est
1341 3727 1396 3789 per

295 3818 377 3904 quod
402 3817 548 3883 distantia
567 3817 694 3903 cogitari
716 3817 814 3901 possit
833 3815 873 3880 ad
894 3817 1020 3881 modum
1043 3816 1235 3901 quantitatis.
1279 3816 1397 3882 Contra

295 3954 365 3997 rero
390 3931 480 4009 linea,
507 3930 675 3995 secamdum
690 3942 783 4014 quam
805 3928 917 3993 mobile
931 3929 1081 4014 percurrit
1100 3928 1288 4008 distantiam,
1303 3929 1397 3993 habet

295 4044 444 4111 rationem
470 4041 650 4127 quantitatis
674 4050 809 4120 actuata,
832 4041 904 4126 quia
925 4065 962 4105 ex
986 4049 1097 4106 natura
1122 4064 1178 4106 sua
1200 4050 1396 4126 repraesentat

295 4166 450 4239 tamquam
469 4155 502 4217 in
516 4154 645 4238 vestigio
664 4154 762 4239 ipsam
782 4154 990 4218 extensionem
1009 4161 1121 4232 motus,
1135 4176 1154 4217 a
1168 4176 1230 4238 qua
1246 4154 1396 4238 gignitur.

296 4266 388 4331 Unde
416 4273 541 4350 apparet
564 4288 687 4330 omnem
712 4267 920 4330 extensionem
944 4266 1177 4350 quantitativam
1204 4266 1294 4351 spatii
1320 4268 1397 4330 acci·

295 4378 437 4460 piendam
460 4399 525 4440 esse
545 4399 581 4440 ex
601 4388 698 4455 motu,
724 4385 755 4440 et
778 4400 844 4441 esse
865 4377 914 4442 vel
933 4378 1140 4461 potentialem,
1164 4378 1211 4441 vel
1232 4387 1396 4458 actuatam,
