3200 4984
212 366 283 409 car.
302 346 372 429 nn]
535 364 577 407 nn
595 363 796 407 suasurum
812 363 991 409 corrosus.
1254 348 1316 409 199

210 537 408 600 elementum.
454 535 557 611 Quare
579 534 791 599 concludimus
812 534 1140 618 impenetrabilitatem,
1163 544 1253 617 prout
1268 545 1315 598 est

211 650 335 731 negatio
361 648 570 733 possibilitatis
595 657 691 713 status
715 648 1013 733 compenetrationia,
1039 670 1101 731 qua
1125 670 1223 711 unum
1254 647 1314 711 ele-

211 768 350 822 mentum
367 759 455 822 sistat
469 759 503 821 in
517 768 632 843 puncto
648 758 738 843 spatii
762 757 799 821 ab
822 758 882 821 alio
902 758 1052 823 elemento
1075 767 1232 842 occupato,
1249 780 1314 821 esse

210 872 427 955 proprietatem
462 870 633 934 absolutam
667 872 805 934 materiae
841 870 1023 934 naturaliter
1057 869 1314 955 insuperabilem:

211 992 304 1068 prout
318 1006 388 1048 vero
403 992 450 1047 est
466 983 590 1066 negatio
604 981 814 1066 possibilitatis
829 990 913 1045 aetus
926 980 1107 1065 penetrativi
1118 980 1315 1057 transeuntis,

212 1116 273 1177 quo
296 1116 394 1157 unum
419 1093 605 1157 elementum
634 1102 767 1155 transeat
796 1114 852 1176 per
880 1091 974 1171 aliud,
1003 1114 1069 1155 esse
1097 1093 1314 1176 proprietatem

211 1205 367 1268 relativam
383 1204 517 1268 materiae
533 1228 551 1267 a
567 1204 682 1267 mutuis
702 1198 934 1287 repulsionibus
947 1203 1180 1287 dependentem,
1195 1213 1226 1267 et
1246 1204 1315 1267 ideo

210 1316 323 1381 habere
336 1315 438 1381 locum
453 1317 486 1379 in
502 1315 679 1399 corporibus
693 1337 755 1378 non
772 1314 919 1393 absolute,
935 1315 990 1379 sed
1003 1315 1103 1402 posita
1111 1324 1193 1380 certa
1202 1316 1314 1379 consti·

210 1428 333 1492 tutione
346 1427 564 1492 molecularum
580 1428 704 1491 relative
718 1427 1006 1511 impenetrabilium.

256 1542 329 1603 105.
352 1540 508 1603 Eatensio.
553 1538 769 1603 Extensionem
802 1540 921 1625 physici
945 1549 1173 1604 consueverunt
1196 1563 1232 1604 ex
1257 1542 1314 1604 im-

211 1650 454 1735 penetrabilitate
470 1650 628 1730 deducere,
643 1674 679 1714 ex
694 1674 729 1714 eo
745 1650 828 1737 quod
846 1635 916 1735 quae
931 1661 1089 1735 nequeunt
1110 1675 1142 1714 se
1157 1660 1315 1735 penetrare

211 1772 337 1827 manent
354 1785 451 1825 unum
466 1772 550 1826 extra
570 1763 709 1841 alterum,
732 1773 762 1825 et
779 1786 835 1846 per
855 1773 957 1847 partes
974 1764 1091 1847 positas
1111 1773 1194 1826 extra
1214 1773 1315 1847 partes

210 1874 382 1958 coneipitur
396 1874 541 1937 extensio.
589 1874 649 1937 Sed
664 1874 713 1937 hic
735 1874 846 1937 modus
868 1874 1068 1957 ratiocinandi
1091 1874 1168 1937 nihil
1191 1875 1314 1967 conclu·

212 1987 257 2053 dit
267 2013 276 2065 ;
302 2009 374 2049 nam
395 1986 448 2070 qui
471 1994 588 2068 negant
610 1987 767 2049 materiam
789 1986 978 2063 continuam,
994 2007 1057 2047 non
1072 1996 1202 2069 possunt
1217 1985 1315 2049 faeere

210 2100 416 2163 extensionem
434 2100 611 2162 continuam
621 2100 754 2183 partium
765 2109 852 2161 extra
863 2107 965 2182 partes
973 2120 1028 2181 per
1040 2098 1134 2161 solam
1144 2098 1313 2161 considera·

210 2213 326 2277 tionem
351 2212 571 2275 elementorum
601 2223 684 2274 extra
714 2233 746 2275 se
775 2212 944 2295 positorum
955 2236 965 2288 3
996 2212 1059 2274 haec
1084 2211 1165 2273 enirn
1197 2211 1313 2274 faciunt

210 2345 373 2387 numerum
392 2322 567 2400 discretum,
592 2342 687 2406 quum
710 2332 866 2405 nequeant
889 2344 921 2385 se
935 2330 1071 2405 tangere,
1095 2330 1126 2384 et
1141 2321 1313 2384 continuari

211 2432 349 2509 invicem,
360 2442 402 2494 nt
416 2444 575 2495 ostensum
590 2442 636 2494 est
651 2432 683 2493 in
699 2432 797 2515 capite
813 2432 921 2515 primo.
968 2431 1030 2507 Qui
1045 2431 1314 2495 veroadmisernnt

212 2544 369 2608 materiam
385 2544 572 2622 continuam,
589 2544 779 2607 admiserunt
794 2544 1002 2607 extensionem
1022 2553 1092 2607 ante
1112 2565 1234 2606 omnem
1255 2544 1312 2606 im·

212 2656 466 2741 penetrabilitatis
485 2663 677 2739 conceptum,
701 2665 731 2718 et
753 2656 795 2719 sio
819 2678 880 2718 non
901 2655 1092 2719 deduxerunt
1107 2656 1314 2719 extensionem

212 2790 248 2831 ex
263 2764 560 2851 impenetrabilitate.
608 2766 679 2829 Non
695 2788 768 2850 ergo
782 2777 865 2830 reete
883 2766 1003 2843 dicitur,
1024 2766 1106 2850 quod
1128 2790 1165 2829 ex
1180 2767 1314 2851 impene-

212 2878 378 2943 trabilitate
393 2879 489 2941 oritur
504 2877 649 2942 extensio.
696 2876 797 2951 Quare
813 2877 871 2939 alia
886 2877 1002 2940 ratione
1021 2877 1247 2961 procedendum
1269 2888 1317 2941 est

211 2990 243 3053 in
260 2988 419 3053 tractando
435 2988 472 3051 de
488 2988 663 3051 extensione
676 3008 850 3072 corporum.

256 3104 330 3165 106.
353 3101 489 3164 Eateudi
503 3110 549 3163 est
564 3122 600 3163 ea
615 3123 672 3163 uno
696 3100 757 3163 loco
774 3101 913 3162 laelium
944 3101 1023 3163 tendi
1038 3123 1096 3183 per
1118 3102 1233 3164 modum
1248 3125 1315 3165 con-

213 3216 308 3290 tinum
331 3211 410 3275 nihil
432 3212 514 3275 enirn
537 3210 621 3274 aliud
644 3212 828 3274 extensionis
850 3212 975 3274 nomine
1001 3211 1211 3294 significatur:
1234 3214 1316 3276 unde

212 3324 347 3389 extensio
362 3332 408 3387 est
423 3345 538 3400 eorum,
554 3344 622 3408 quae
637 3322 726 3407 plura
737 3333 852 3406 puncta
864 3323 954 3406 spatii
966 3332 1115 3408 occupant
1125 3303 1315 3407 per‘modum

213 3436 362 3500 continui.
407 3436 448 3498 Et
469 3444 572 3519 patet;
597 3456 679 3513 nam,
702 3433 727 3496 si
753 3434 790 3497 de
812 3445 962 3519 conceptu
984 3435 1169 3499 extensionis
1193 3436 1318 3500 tollatur

213 3548 415 3625 continuitas,
429 3546 592 3609 habebitur
610 3548 766 3631 quantitas
789 3547 890 3631 aliqua
912 3547 1060 3612 discreta:
1085 3548 1138 3611 sed
1160 3550 1317 3633 quantitas

215 3662 345 3724 discreta
360 3659 435 3723 dicit
449 3658 691 3735 multitudinem,
708 3682 770 3721 non
787 3659 1002 3722 extensionem.

257 3773 351 3835 Porro
373 3770 532 3855 occupatio
554 3770 618 3833 haec
642 3770 814 3854 concipitur
833 3772 1017 3848 simultanee,
1038 3770 1085 3833 vel
1104 3771 1247 3855 rigorose,
1272 3771 1319 3833 vel

214 3883 406 3948 sensibiliter.
438 3880 606 3965 Occupatio
617 3880 753 3965 plurium
764 3892 951 3965 punctorum
964 3882 1054 3965 spatii
1069 3883 1204 3965 rigorose
1212 3881 1318 3945 simul-

213 4008 302 4059 tanea
316 4003 347 4057 et
363 3993 507 4057 continua
517 3992 663 4076 supponit
672 3992 906 4056 continuitatem
917 3993 1164 4056 mathematicam
1174 3993 1317 4072 materiae,

212 4130 305 4192 quam
325 4114 441 4169 veteres
464 4102 534 4166 ideo
557 4104 650 4167 etiarn
671 4104 871 4181 admiserunt,
890 4105 964 4187 quia
980 4113 1167 4187 putaverunt
1192 4126 1318 4189 corpora

214 4220 394 4297 simultanee
417 4238 542 4300 prorsus
566 4228 596 4278 et
620 4215 766 4279 continue
790 4238 936 4299 occupare
962 4215 1050 4300 plura
1075 4225 1191 4300 puncta
1217 4218 1317 4301 spatii.

216 4333 314 4396 Nobis
330 4340 442 4407 autem,
458 4330 511 4412 qui
528 4329 684 4393 materiam
700 4332 877 4393 continuam
890 4352 945 4391 nec
960 4351 1025 4391 esse
1035 4352 1090 4391 nec
1100 4329 1219 4412 concipi
1231 4352 1319 4413 posse
