<?xml version="1.0" encoding="UTF-8"?>
<!DOCTYPE html PUBLIC "-//W3C//DTD XHTML 1.0 Transitional//EN"
    "http://www.w3.org/TR/xhtml1/DTD/xhtml1-transitional.dtd">
<html xmlns="http://www.w3.org/1999/xhtml" xml:lang="en" lang="en">
 <head>
  <title>
</title>
<meta http-equiv="Content-Type" content="text/html;charset=utf-8" />
  <meta name='ocr-system' content='tesseract 3.04.00' />
  <meta name='ocr-capabilities' content='ocr_page ocr_carea ocr_par ocr_line ocrx_word'/>
</head>
<body>
  <div class='ocr_page' id='page_1' title='image "./realisphilosoph00baymgoog_0336.png"; bbox 0 0 3200 4984; ppageno 0'>
   <div class='ocr_carea' id='block_1_1' title="bbox 191 376 1394 463">
    <p class='ocr_par' dir='ltr' id='par_1_1' title="bbox 191 376 1394 463">
     <span class='ocr_line' id='line_1_1' title="bbox 191 376 1394 463; baseline 0.002 -22"><span class='ocrx_word' id='word_1_1' title='bbox 191 412 193 419; x_wconf 40' lang='grc' dir='ltr'>ι</span> <span class='ocrx_word' id='word_1_2' title='bbox 291 376 358 441; x_wconf 83' lang='grc'><strong>318</strong></span> <span class='ocrx_word' id='word_1_3' title='bbox 639 395 682 442; x_wconf 80' lang='lat' dir='ltr'><strong>ne</strong></span> <span class='ocrx_word' id='word_1_4' title='bbox 698 396 820 443; x_wconf 81' lang='lat' dir='ltr'><strong>narnus</strong></span> <span class='ocrx_word' id='word_1_5' title='bbox 834 397 1027 443; x_wconf 73' lang='lat' dir='ltr'><strong>concanora.</strong></span> <span class='ocrx_word' id='word_1_6' title='bbox 1234 378 1320 463; x_wconf 79' lang='lat' dir='ltr'><strong>[car.</strong></span> <span class='ocrx_word' id='word_1_7' title='bbox 1336 397 1394 443; x_wconf 84' lang='grc' dir='ltr'>ιιι.</span> 
     </span>
    </p>
   </div>
   <div class='ocr_carea' id='block_1_2' title="bbox 288 560 1393 1207">
    <p class='ocr_par' dir='ltr' id='par_1_2' title="bbox 289 560 1393 872">
     <span class='ocr_line' id='line_1_2' title="bbox 292 560 1393 647; baseline 0 -22"><span class='ocrx_word' id='word_1_8' title='bbox 292 560 343 625; x_wconf 90' lang='lat' dir='ltr'><strong>De</strong></span> <span class='ocrx_word' id='word_1_9' title='bbox 356 584 417 647; x_wconf 90' lang='lat' dir='ltr'><strong>qua</strong></span> <span class='ocrx_word' id='word_1_10' title='bbox 426 584 459 626; x_wconf 88' lang='lat' dir='ltr'><strong>re</strong></span> <span class='ocrx_word' id='word_1_11' title='bbox 472 582 536 626; x_wconf 88' lang='lat' dir='ltr'><strong>non</strong></span> <span class='ocrx_word' id='word_1_12' title='bbox 550 570 597 627; x_wconf 88' lang='lat' dir='ltr'><strong>est</strong></span> <span class='ocrx_word' id='word_1_13' title='bbox 611 582 733 627; x_wconf 69' lang='lat' dir='ltr'><strong>necem</strong></span> <span class='ocrx_word' id='word_1_14' title='bbox 746 562 837 647; x_wconf 85' lang='lat' dir='ltr'><strong>plura</strong></span> <span class='ocrx_word' id='word_1_15' title='bbox 850 562 963 626; x_wconf 83' lang='lat' dir='ltr'><strong>addere</strong></span> <span class='ocrx_word' id='word_1_16' title='bbox 975 561 1035 625; x_wconf 88' lang='lat' dir='ltr'><strong>boo</strong></span> <span class='ocrx_word' id='word_1_17' title='bbox 1048 561 1125 641; x_wconf 89' lang='lat' dir='ltr'><strong>loco,</strong></span> <span class='ocrx_word' id='word_1_18' title='bbox 1139 582 1238 646; x_wconf 89' lang='lat' dir='ltr'><strong>quum</strong></span> <span class='ocrx_word' id='word_1_19' title='bbox 1247 570 1314 625; x_wconf 88' lang='lat' dir='ltr'><strong>tota</strong></span> <span class='ocrx_word' id='word_1_20' title='bbox 1323 584 1393 646; x_wconf 80' lang='lat' dir='ltr'><strong>pen-</strong></span> 
     </span>
     <span class='ocr_line' id='line_1_3' title="bbox 289 673 1392 762; baseline -0.002 -23"><span class='ocrx_word' id='word_1_21' title='bbox 289 674 386 739; x_wconf 89' lang='lat' dir='ltr'><strong>tineat</strong></span> <span class='ocrx_word' id='word_1_22' title='bbox 408 674 446 739; x_wconf 91' lang='lat' dir='ltr'><strong>ad</strong></span> <span class='ocrx_word' id='word_1_23' title='bbox 468 674 671 762; x_wconf 83' lang='lat' dir='ltr'><strong>dynamieam,</strong></span> <span class='ocrx_word' id='word_1_24' title='bbox 687 683 718 739; x_wconf 87' lang='lat' dir='ltr'><strong>et</strong></span> <span class='ocrx_word' id='word_1_25' title='bbox 733 674 919 759; x_wconf 83' lang='lat' dir='ltr'><strong>multiplices</strong></span> <span class='ocrx_word' id='word_1_26' title='bbox 933 673 1120 739; x_wconf 86' lang='lat' dir='ltr'><strong>calculorum</strong></span> <span class='ocrx_word' id='word_1_27' title='bbox 1141 673 1330 737; x_wconf 78' lang='lat' dir='ltr'>evolutiones</span> <span class='ocrx_word' id='word_1_28' title='bbox 1344 696 1392 737; x_wconf 83' lang='lat' dir='ltr'><strong>re-</strong></span> 
     </span>
     <span class='ocr_line' id='line_1_4' title="bbox 290 787 401 872; baseline 0.009 -21"><span class='ocrx_word' id='word_1_29' title='bbox 290 787 401 872; x_wconf 86' lang='lat' dir='ltr'><strong>quirat.</strong></span> 
     </span>
    </p>

    <p class='ocr_par' dir='ltr' id='par_1_3' title="bbox 288 898 1391 1207">
     <span class='ocr_line' id='line_1_5' title="bbox 333 898 1391 984; baseline -0.002 -21"><span class='ocrx_word' id='word_1_30' title='bbox 333 902 387 963; x_wconf 82' lang='lat'><strong>84.</strong></span> <span class='ocrx_word' id='word_1_31' title='bbox 411 898 520 984; x_wconf 87' lang='lat' dir='ltr'><strong>ltaque</strong></span> <span class='ocrx_word' id='word_1_32' title='bbox 542 898 591 963; x_wconf 90' lang='lat' dir='ltr'><strong>bis</strong></span> <span class='ocrx_word' id='word_1_33' title='bbox 614 899 751 963; x_wconf 85' lang='lat' dir='ltr'><strong>contenti</strong></span> <span class='ocrx_word' id='word_1_34' title='bbox 773 899 891 977; x_wconf 81' lang='lat' dir='ltr'><strong>simus3</strong></span> <span class='ocrx_word' id='word_1_35' title='bbox 915 898 1152 963; x_wconf 83' lang='lat' dir='ltr'><strong>videnturenim</strong></span> <span class='ocrx_word' id='word_1_36' title='bbox 1168 915 1293 982; x_wconf 89' lang='lat' dir='ltr'><strong>prorsus</strong></span> <span class='ocrx_word' id='word_1_37' title='bbox 1306 898 1391 962; x_wconf 83' lang='lat' dir='ltr'><strong>suffi-</strong></span> 
     </span>
     <span class='ocr_line' id='line_1_6' title="bbox 289 1010 1391 1096; baseline -0.002 -21"><span class='ocrx_word' id='word_1_38' title='bbox 289 1032 355 1075; x_wconf 89' lang='lat' dir='ltr'><strong>cere</strong></span> <span class='ocrx_word' id='word_1_39' title='bbox 368 1011 409 1074; x_wconf 91' lang='lat' dir='ltr'><strong>ad</strong></span> <span class='ocrx_word' id='word_1_40' title='bbox 423 1010 649 1096; x_wconf 79' lang='lat' dir='ltr'><strong>cognoscendas</strong></span> <span class='ocrx_word' id='word_1_41' title='bbox 663 1010 758 1074; x_wconf 86' lang='lat' dir='ltr'><strong>trium</strong></span> <span class='ocrx_word' id='word_1_42' title='bbox 773 1011 990 1075; x_wconf 89' lang='lat' dir='ltr'><strong>continuorum</strong></span> <span class='ocrx_word' id='word_1_43' title='bbox 1000 1010 1211 1094; x_wconf 71' lang='lat' dir='ltr'>proprietates,</span> <span class='ocrx_word' id='word_1_44' title='bbox 1220 1018 1253 1073; x_wconf 89' lang='lat' dir='ltr'><strong>et</strong></span> <span class='ocrx_word' id='word_1_45' title='bbox 1266 1018 1391 1073; x_wconf 86' lang='lat' dir='ltr'><strong>mutuae</strong></span> 
     </span>
     <span class='ocr_line' id='line_1_7' title="bbox 288 1118 1391 1207; baseline -0.002 -20"><span class='ocrx_word' id='word_1_46' title='bbox 288 1121 449 1189; x_wconf 76' lang='lat' dir='ltr'>relationes</span> <span class='ocrx_word' id='word_1_47' title='bbox 471 1121 647 1187; x_wconf 87' lang='lat' dir='ltr'><strong>eorumdem</strong></span> <span class='ocrx_word' id='word_1_48' title='bbox 669 1118 873 1207; x_wconf 81' lang='lat' dir='ltr'><strong>explicandas.</strong></span> <span class='ocrx_word' id='word_1_49' title='bbox 918 1120 996 1198; x_wconf 83' lang='lat' dir='ltr'><strong>Quae</strong></span> <span class='ocrx_word' id='word_1_50' title='bbox 1020 1130 1057 1185; x_wconf 90' lang='lat' dir='ltr'><strong>ut</strong></span> <span class='ocrx_word' id='word_1_51' title='bbox 1080 1139 1144 1185; x_wconf 92' lang='lat' dir='ltr'><strong>uno</strong></span> <span class='ocrx_word' id='word_1_52' title='bbox 1163 1121 1251 1205; x_wconf 85' lang='lat' dir='ltr'><strong>quasi</strong></span> <span class='ocrx_word' id='word_1_53' title='bbox 1273 1120 1391 1186; x_wconf 88' lang='lat' dir='ltr'><strong>intuitu</strong></span> 
     </span>
    </p>
   </div>
   <div class='ocr_carea' id='block_1_3' title="bbox 168 1231 1391 1318">
    <p class='ocr_par' dir='ltr' id='par_1_4' title="bbox 168 1231 1391 1318">
     <span class='ocr_line' id='line_1_8' title="bbox 168 1231 1391 1318; baseline -0.002 -20"><span class='ocrx_word' id='word_1_54' title='bbox 168 1255 174 1267; x_wconf 91' lang='lat'><em>·</em></span> <span class='ocrx_word' id='word_1_55' title='bbox 289 1233 595 1318; x_wconf 87' lang='lat' dir='ltr'><strong>comprehendantur,</strong></span> <span class='ocrx_word' id='word_1_56' title='bbox 622 1232 661 1297; x_wconf 90' lang='lat' dir='ltr'><strong>ad</strong></span> <span class='ocrx_word' id='word_1_57' title='bbox 683 1233 762 1297; x_wconf 83' lang='lat' dir='ltr'><strong>vires</strong></span> <span class='ocrx_word' id='word_1_58' title='bbox 786 1232 927 1312; x_wconf 82' lang='lat' dir='ltr'><strong>motivas,</strong></span> <span class='ocrx_word' id='word_1_59' title='bbox 949 1241 1106 1317; x_wconf 87' lang='lat' dir='ltr'><strong>tamquam</strong></span> <span class='ocrx_word' id='word_1_60' title='bbox 1134 1231 1174 1294; x_wconf 91' lang='lat' dir='ltr'><strong>ad</strong></span> <span class='ocrx_word' id='word_1_61' title='bbox 1197 1253 1391 1296; x_wconf 89' lang='lat' dir='ltr'><strong>communem</strong></span> 
     </span>
    </p>
   </div>
   <div class='ocr_carea' id='block_1_4' title="bbox 239 1343 1390 4443">
    <p class='ocr_par' dir='ltr' id='par_1_5' title="bbox 239 1343 1390 3887">
     <span class='ocr_line' id='line_1_9' title="bbox 289 1343 1390 1429; baseline -0.002 -18"><span class='ocrx_word' id='word_1_62' title='bbox 289 1344 502 1411; x_wconf 80' lang='lat' dir='ltr'><strong>continuitatis</strong></span> <span class='ocrx_word' id='word_1_63' title='bbox 517 1346 644 1424; x_wconf 89' lang='lat' dir='ltr'><strong>fontem,</strong></span> <span class='ocrx_word' id='word_1_64' title='bbox 656 1343 880 1429; x_wconf 88' lang='lat' dir='ltr'><strong>respiciendum</strong></span> <span class='ocrx_word' id='word_1_65' title='bbox 896 1353 953 1408; x_wconf 86' lang='lat' dir='ltr'><strong>est.</strong></span> <span class='ocrx_word' id='word_1_66' title='bbox 999 1345 1081 1408; x_wconf 90' lang='lat' dir='ltr'><strong>Nam</strong></span> <span class='ocrx_word' id='word_1_67' title='bbox 1096 1366 1133 1408; x_wconf 81' lang='lat' dir='ltr'><strong>er</strong></span> <span class='ocrx_word' id='word_1_68' title='bbox 1148 1344 1238 1409; x_wconf 89' lang='lat' dir='ltr'><strong>dictis</strong></span> <span class='ocrx_word' id='word_1_69' title='bbox 1251 1344 1330 1408; x_wconf 88' lang='lat' dir='ltr'><strong>actio</strong></span> <span class='ocrx_word' id='word_1_70' title='bbox 1344 1344 1390 1409; x_wconf 80' lang='lat' dir='ltr'><strong>ria</strong></span> 
     </span>
     <span class='ocr_line' id='line_1_10' title="bbox 287 1456 1390 1541; baseline -0.003 -18"><span class='ocrx_word' id='word_1_71' title='bbox 287 1458 421 1537; x_wconf 81' lang='lat' dir='ltr'><strong>motivae,</strong></span> <span class='ocrx_word' id='word_1_72' title='bbox 431 1458 506 1521; x_wconf 87' lang='lat' dir='ltr'><strong>dum</strong></span> <span class='ocrx_word' id='word_1_73' title='bbox 515 1465 641 1541; x_wconf 80' lang='lat' dir='ltr'><strong>generat</strong></span> <span class='ocrx_word' id='word_1_74' title='bbox 650 1464 780 1534; x_wconf 87' lang='lat' dir='ltr'><strong>motum,</strong></span> <span class='ocrx_word' id='word_1_75' title='bbox 790 1458 972 1520; x_wconf 88' lang='lat' dir='ltr'><strong>continuum</strong></span> <span class='ocrx_word' id='word_1_76' title='bbox 983 1456 1074 1519; x_wconf 89' lang='lat' dir='ltr'><strong>illum</strong></span> <span class='ocrx_word' id='word_1_77' title='bbox 1082 1456 1183 1519; x_wconf 81' lang='lat' dir='ltr'><strong>reddit</strong></span> <span class='ocrx_word' id='word_1_78' title='bbox 1195 1464 1262 1519; x_wconf 91' lang='lat' dir='ltr'><strong>tum</strong></span> <span class='ocrx_word' id='word_1_79' title='bbox 1273 1456 1390 1520; x_wconf 82' lang='lat' dir='ltr'><strong>ratione</strong></span> 
     </span>
     <span class='ocr_line' id='line_1_11' title="bbox 290 1566 1390 1649; baseline -0.004 -14"><span class='ocrx_word' id='word_1_80' title='bbox 290 1570 348 1649; x_wconf 87' lang='lat' dir='ltr'><strong>sui,</strong></span> <span class='ocrx_word' id='word_1_81' title='bbox 363 1579 433 1634; x_wconf 89' lang='lat' dir='ltr'><strong>tum</strong></span> <span class='ocrx_word' id='word_1_82' title='bbox 454 1568 572 1633; x_wconf 88' lang='lat' dir='ltr'><strong>ratione</strong></span> <span class='ocrx_word' id='word_1_83' title='bbox 594 1566 773 1647; x_wconf 78' lang='lat' dir='ltr'><strong>durationis,</strong></span> <span class='ocrx_word' id='word_1_84' title='bbox 789 1576 859 1631; x_wconf 86' lang='lat' dir='ltr'><strong>tum</strong></span> <span class='ocrx_word' id='word_1_85' title='bbox 879 1568 998 1631; x_wconf 71' lang='lat' dir='ltr'><strong>munna</strong></span> <span class='ocrx_word' id='word_1_86' title='bbox 1020 1566 1215 1631; x_wconf 68' lang='lat' dir='ltr'><strong>exoeneionie.</strong></span> <span class='ocrx_word' id='word_1_87' title='bbox 1260 1566 1390 1632; x_wconf 75' lang='lat' dir='ltr'><strong>Ratiom</strong></span> 
     </span>
     <span class='ocr_line' id='line_1_12' title="bbox 286 1675 1389 1766; baseline -0.003 -21"><span class='ocrx_word' id='word_1_88' title='bbox 286 1682 347 1761; x_wconf 79' lang='lat' dir='ltr'><strong>sui,</strong></span> <span class='ocrx_word' id='word_1_89' title='bbox 368 1679 442 1766; x_wconf 88' lang='lat' dir='ltr'><strong>quia</strong></span> <span class='ocrx_word' id='word_1_90' title='bbox 466 1675 620 1744; x_wconf 80' lang='lat' dir='ltr'><strong>continuis</strong></span> <span class='ocrx_word' id='word_1_91' title='bbox 642 1685 870 1742; x_wconf 86' lang='lat' dir='ltr'><strong>momentorum</strong></span> <span class='ocrx_word' id='word_1_92' title='bbox 891 1678 1088 1743; x_wconf 83' lang='lat' dir='ltr'><strong>incrementis</strong></span> <span class='ocrx_word' id='word_1_93' title='bbox 1116 1688 1148 1743; x_wconf 88' lang='lat' dir='ltr'><strong>et</strong></span> <span class='ocrx_word' id='word_1_94' title='bbox 1170 1678 1389 1743; x_wconf 70' lang='lat' dir='ltr'><strong>variationibus</strong></span> 
     </span>
     <span class='ocr_line' id='line_1_13' title="bbox 288 1788 1389 1875; baseline 0 -20"><span class='ocrx_word' id='word_1_95' title='bbox 288 1800 378 1875; x_wconf 84' lang='lat' dir='ltr'><strong>urget</strong></span> <span class='ocrx_word' id='word_1_96' title='bbox 400 1790 506 1854; x_wconf 87' lang='lat' dir='ltr'><strong>illum:</strong></span> <span class='ocrx_word' id='word_1_97' title='bbox 529 1789 647 1855; x_wconf 76' lang='lat' dir='ltr'><strong>ratiorm</strong></span> <span class='ocrx_word' id='word_1_98' title='bbox 668 1788 853 1853; x_wconf 69' lang='lat' dir='ltr'><strong>extensionis</strong></span> <span class='ocrx_word' id='word_1_99' title='bbox 873 1789 988 1869; x_wconf 85' lang='lat' dir='ltr'><strong>localis,</strong></span> <span class='ocrx_word' id='word_1_100' title='bbox 1003 1789 1076 1875; x_wconf 90' lang='lat' dir='ltr'><strong>quia</strong></span> <span class='ocrx_word' id='word_1_101' title='bbox 1089 1790 1247 1874; x_wconf 90' lang='lat' dir='ltr'><strong>proprium</strong></span> <span class='ocrx_word' id='word_1_102' title='bbox 1261 1799 1308 1855; x_wconf 85' lang='lat' dir='ltr'><strong>est</strong></span> <span class='ocrx_word' id='word_1_103' title='bbox 1322 1812 1389 1855; x_wconf 85' lang='lat' dir='ltr'><strong>mo-</strong></span> 
     </span>
     <span class='ocr_line' id='line_1_14' title="bbox 288 1901 1388 1986; baseline 0.001 -19"><span class='ocrx_word' id='word_1_104' title='bbox 288 1902 381 1968; x_wconf 88' lang='lat' dir='ltr'><strong>tionis</strong></span> <span class='ocrx_word' id='word_1_105' title='bbox 395 1902 553 1967; x_wconf 85' lang='lat' dir='ltr'><strong>intensivae</strong></span> <span class='ocrx_word' id='word_1_106' title='bbox 567 1922 710 1986; x_wconf 73' lang='lat' dir='ltr'><strong>geueme</strong></span> <span class='ocrx_word' id='word_1_107' title='bbox 724 1901 942 1981; x_wconf 79' lang='lat' dir='ltr'><strong>extensionem,</strong></span> <span class='ocrx_word' id='word_1_108' title='bbox 957 1923 1012 1966; x_wconf 84' lang='lat' dir='ltr'><strong>sea</strong></span> <span class='ocrx_word' id='word_1_109' title='bbox 1026 1901 1187 1966; x_wconf 79' lang='lat' dir='ltr'><strong>extendere</strong></span> <span class='ocrx_word' id='word_1_110' title='bbox 1201 1902 1388 1968; x_wconf 79' lang='lat' dir='ltr'><strong>abiectiones</strong></span> 
     </span>
     <span class='ocr_line' id='line_1_15' title="bbox 288 2013 1388 2100; baseline -0.002 -21"><span class='ocrx_word' id='word_1_111' title='bbox 288 2014 408 2080; x_wconf 82' lang='lat' dir='ltr'><strong>mobiba</strong></span> <span class='ocrx_word' id='word_1_112' title='bbox 432 2036 488 2100; x_wconf 91' lang='lat' dir='ltr'><strong>per</strong></span> <span class='ocrx_word' id='word_1_113' title='bbox 506 2013 633 2079; x_wconf 89' lang='lat' dir='ltr'><strong>modum</strong></span> <span class='ocrx_word' id='word_1_114' title='bbox 656 2013 813 2078; x_wconf 89' lang='lat' dir='ltr'><strong>continui:</strong></span> <span class='ocrx_word' id='word_1_115' title='bbox 836 2014 954 2078; x_wconf 85' lang='lat' dir='ltr'><strong>ratione</strong></span> <span class='ocrx_word' id='word_1_116' title='bbox 977 2013 1158 2093; x_wconf 84' lang='lat' dir='ltr'><strong>durationis,</strong></span> <span class='ocrx_word' id='word_1_117' title='bbox 1177 2014 1250 2099; x_wconf 89' lang='lat' dir='ltr'><strong>quia</strong></span> <span class='ocrx_word' id='word_1_118' title='bbox 1272 2016 1388 2098; x_wconf 73' lang='lat' dir='ltr'><strong>quaudo</strong></span> 
     </span>
     <span class='ocr_line' id='line_1_16' title="bbox 239 2123 1388 2211; baseline -0.002 -20"><span class='ocrx_word' id='word_1_119' title='bbox 239 2194 241 2201; x_wconf 54' lang='lat'><strong>,</strong></span> <span class='ocrx_word' id='word_1_120' title='bbox 287 2127 488 2191; x_wconf 86' lang='lat' dir='ltr'><strong>intrinsecum</strong></span> <span class='ocrx_word' id='word_1_121' title='bbox 513 2123 620 2190; x_wconf 91' lang='lat' dir='ltr'><strong>mobili</strong></span> <span class='ocrx_word' id='word_1_122' title='bbox 642 2126 678 2189; x_wconf 87' lang='lat' dir='ltr'><strong>fit</strong></span> <span class='ocrx_word' id='word_1_123' title='bbox 702 2146 758 2210; x_wconf 89' lang='lat' dir='ltr'><strong>per</strong></span> <span class='ocrx_word' id='word_1_124' title='bbox 784 2135 904 2189; x_wconf 89' lang='lat' dir='ltr'><strong>motum</strong></span> <span class='ocrx_word' id='word_1_125' title='bbox 930 2124 1114 2211; x_wconf 70' lang='lat' dir='ltr'><strong>aequivalens</strong></span> <span class='ocrx_word' id='word_1_126' title='bbox 1139 2125 1248 2189; x_wconf 89' lang='lat' dir='ltr'><strong>multis</strong></span> <span class='ocrx_word' id='word_1_127' title='bbox 1270 2126 1388 2189; x_wconf 89' lang='lat' dir='ltr'><strong>ratione</strong></span> 
     </span>
     <span class='ocr_line' id='line_1_17' title="bbox 287 2235 1387 2323; baseline -0.003 -19"><span class='ocrx_word' id='word_1_128' title='bbox 287 2239 439 2304; x_wconf 86' lang='lat' dir='ltr'><strong>distinctis</strong></span> <span class='ocrx_word' id='word_1_129' title='bbox 455 2237 623 2303; x_wconf 78' lang='lat' dir='ltr'><strong>secundum</strong></span> <span class='ocrx_word' id='word_1_130' title='bbox 637 2236 724 2322; x_wconf 85' lang='lat' dir='ltr'><strong>prins</strong></span> <span class='ocrx_word' id='word_1_131' title='bbox 738 2245 769 2301; x_wconf 89' lang='lat' dir='ltr'><strong>et</strong></span> <span class='ocrx_word' id='word_1_132' title='bbox 788 2239 962 2323; x_wconf 86' lang='lat' dir='ltr'><strong>posterius;</strong></span> <span class='ocrx_word' id='word_1_133' title='bbox 985 2236 1020 2300; x_wconf 93' lang='lat' dir='ltr'><strong>in</strong></span> <span class='ocrx_word' id='word_1_134' title='bbox 1034 2258 1096 2322; x_wconf 91' lang='lat' dir='ltr'><strong>quo</strong></span> <span class='ocrx_word' id='word_1_135' title='bbox 1110 2235 1242 2301; x_wconf 90' lang='lat' dir='ltr'><strong>babetur</strong></span> <span class='ocrx_word' id='word_1_136' title='bbox 1255 2238 1387 2301; x_wconf 62' lang='lat' dir='ltr'><strong>meantia</strong></span> 
     </span>
     <span class='ocr_line' id='line_1_18' title="bbox 286 2348 1387 2433; baseline -0.002 -18"><span class='ocrx_word' id='word_1_137' title='bbox 286 2351 456 2416; x_wconf 80' lang='lat' dir='ltr'><strong>durationis</strong></span> <span class='ocrx_word' id='word_1_138' title='bbox 471 2349 668 2427; x_wconf 57' lang='lat' dir='ltr'><strong>successivae„</strong></span> <span class='ocrx_word' id='word_1_139' title='bbox 691 2348 774 2413; x_wconf 88' lang='lat' dir='ltr'><strong>Nam</strong></span> <span class='ocrx_word' id='word_1_140' title='bbox 785 2357 888 2413; x_wconf 87' lang='lat' dir='ltr'><strong>motus</strong></span> <span class='ocrx_word' id='word_1_141' title='bbox 898 2348 1089 2413; x_wconf 84' lang='lat' dir='ltr'><strong>extendendo</strong></span> <span class='ocrx_word' id='word_1_142' title='bbox 1102 2349 1236 2433; x_wconf 86' lang='lat' dir='ltr'><strong>seipsum</strong></span> <span class='ocrx_word' id='word_1_143' title='bbox 1250 2348 1387 2413; x_wconf 79' lang='lat' dir='ltr'><strong>extendit</strong></span> 
     </span>
     <span class='ocr_line' id='line_1_19' title="bbox 287 2438 1386 2548; baseline -0.002 -21"><span class='ocrx_word' id='word_1_144' title='bbox 287 2475 317 2527; x_wconf 91' lang='lat' dir='ltr'><strong>et</strong></span> <span class='ocrx_word' id='word_1_145' title='bbox 332 2462 510 2548; x_wconf 84' lang='lat' dir='ltr'><strong>quantificat</strong></span> <span class='ocrx_word' id='word_1_146' title='bbox 524 2438 750 2547; x_wconf 70' lang='lat' dir='ltr'><strong>quodammodo</strong></span> <span class='ocrx_word' id='word_1_147' title='bbox 766 2460 958 2524; x_wconf 80' lang='lat' dir='ltr'><strong>durationem</strong></span> <span class='ocrx_word' id='word_1_148' title='bbox 973 2460 1121 2545; x_wconf 83' lang='lat' dir='ltr'><strong>temporie</strong></span> <span class='ocrx_word' id='word_1_149' title='bbox 1134 2482 1190 2546; x_wconf 87' lang='lat' dir='ltr'><strong>per</strong></span> <span class='ocrx_word' id='word_1_150' title='bbox 1203 2461 1386 2525; x_wconf 52' lang='lat' dir='ltr'><strong>continuatae</strong></span> 
     </span>
     <span class='ocr_line' id='line_1_20' title="bbox 287 2570 1387 2657; baseline -0.002 -19"><span class='ocrx_word' id='word_1_151' title='bbox 287 2583 351 2638; x_wconf 89' lang='lat' dir='ltr'><strong>tem</strong></span> <span class='ocrx_word' id='word_1_152' title='bbox 377 2581 604 2639; x_wconf 88' lang='lat' dir='ltr'><strong>momentorum</strong></span> <span class='ocrx_word' id='word_1_153' title='bbox 629 2580 751 2637; x_wconf 74' lang='lat' dir='ltr'><strong>motuse</strong></span> <span class='ocrx_word' id='word_1_154' title='bbox 773 2570 847 2635; x_wconf 90' lang='lat' dir='ltr'><strong>hinc</strong></span> <span class='ocrx_word' id='word_1_155' title='bbox 867 2593 924 2634; x_wconf 80' lang='lat' dir='ltr'><strong>vox</strong></span> <span class='ocrx_word' id='word_1_156' title='bbox 946 2580 1129 2650; x_wconf 73' lang='grc' dir='ltr'>ιιιοιιιοιιέιιιιι,</span> <span class='ocrx_word' id='word_1_157' title='bbox 1144 2594 1213 2657; x_wconf 82' lang='lat' dir='ltr'><strong>quae</strong></span> <span class='ocrx_word' id='word_1_158' title='bbox 1235 2572 1387 2657; x_wconf 84' lang='lat' dir='ltr'><strong>primitive</strong></span> 
     </span>
     <span class='ocr_line' id='line_1_21' title="bbox 287 2680 1386 2771; baseline -0.002 -22"><span class='ocrx_word' id='word_1_159' title='bbox 287 2685 437 2771; x_wconf 83' lang='lat' dir='ltr'><strong>signifieat</strong></span> <span class='ocrx_word' id='word_1_160' title='bbox 448 2694 551 2749; x_wconf 88' lang='lat' dir='ltr'><strong>actum</strong></span> <span class='ocrx_word' id='word_1_161' title='bbox 565 2704 620 2768; x_wconf 86' lang='lat' dir='ltr'><strong>per</strong></span> <span class='ocrx_word' id='word_1_162' title='bbox 635 2705 727 2769; x_wconf 90' lang='lat' dir='ltr'><strong>quem</strong></span> <span class='ocrx_word' id='word_1_163' title='bbox 742 2680 812 2748; x_wconf 85' lang='lat' dir='ltr'><strong>fluit</strong></span> <span class='ocrx_word' id='word_1_164' title='bbox 827 2684 997 2761; x_wconf 89' lang='lat' dir='ltr'><strong>motua,vel</strong></span> <span class='ocrx_word' id='word_1_165' title='bbox 1010 2683 1043 2746; x_wconf 91' lang='lat' dir='ltr'><strong>id</strong></span> <span class='ocrx_word' id='word_1_166' title='bbox 1056 2706 1111 2768; x_wconf 91' lang='lat' dir='ltr'><strong>per</strong></span> <span class='ocrx_word' id='word_1_167' title='bbox 1125 2683 1207 2768; x_wconf 90' lang='lat' dir='ltr'><strong>quod</strong></span> <span class='ocrx_word' id='word_1_168' title='bbox 1222 2693 1325 2748; x_wconf 86' lang='lat' dir='ltr'><strong>motus</strong></span> <span class='ocrx_word' id='word_1_169' title='bbox 1339 2693 1386 2747; x_wconf 91' lang='lat' dir='ltr'><strong>est</strong></span> 
     </span>
     <span class='ocr_line' id='line_1_22' title="bbox 286 2794 1386 2879; baseline -0.002 -18"><span class='ocrx_word' id='word_1_170' title='bbox 286 2807 367 2876; x_wconf 88' lang='lat' dir='ltr'><strong>actu,</strong></span> <span class='ocrx_word' id='word_1_171' title='bbox 376 2795 525 2861; x_wconf 85' lang='lat' dir='ltr'><strong>translata</strong></span> <span class='ocrx_word' id='word_1_172' title='bbox 538 2806 585 2859; x_wconf 86' lang='lat' dir='ltr'><strong>est</strong></span> <span class='ocrx_word' id='word_1_173' title='bbox 600 2794 639 2859; x_wconf 87' lang='lat' dir='ltr'><strong>ad</strong></span> <span class='ocrx_word' id='word_1_174' title='bbox 653 2794 891 2879; x_wconf 85' lang='lat' dir='ltr'><strong>significandum</strong></span> <span class='ocrx_word' id='word_1_175' title='bbox 903 2802 1005 2858; x_wconf 87' lang='lat' dir='ltr'><strong>actum</strong></span> <span class='ocrx_word' id='word_1_176' title='bbox 1016 2816 1071 2879; x_wconf 93' lang='lat' dir='ltr'><strong>per</strong></span> <span class='ocrx_word' id='word_1_177' title='bbox 1083 2816 1174 2879; x_wconf 91' lang='lat' dir='ltr'><strong>quem</strong></span> <span class='ocrx_word' id='word_1_178' title='bbox 1186 2794 1255 2859; x_wconf 86' lang='lat' dir='ltr'><strong>fluit</strong></span> <span class='ocrx_word' id='word_1_179' title='bbox 1266 2796 1386 2859; x_wconf 88' lang='lat' dir='ltr'><strong>duratio</strong></span> 
     </span>
     <span class='ocr_line' id='line_1_23' title="bbox 286 2906 1386 2992; baseline -0.001 -20"><span class='ocrx_word' id='word_1_180' title='bbox 286 2917 398 2988; x_wconf 84' lang='lat' dir='ltr'><strong>motus,</strong></span> <span class='ocrx_word' id='word_1_181' title='bbox 408 2908 456 2973; x_wconf 80' lang='lat' dir='ltr'><strong>vel</strong></span> <span class='ocrx_word' id='word_1_182' title='bbox 470 2907 502 2972; x_wconf 90' lang='lat' dir='ltr'><strong>id</strong></span> <span class='ocrx_word' id='word_1_183' title='bbox 516 2928 571 2992; x_wconf 86' lang='lat' dir='ltr'><strong>per</strong></span> <span class='ocrx_word' id='word_1_184' title='bbox 586 2907 669 2991; x_wconf 88' lang='lat' dir='ltr'><strong>quod</strong></span> <span class='ocrx_word' id='word_1_185' title='bbox 683 2906 806 2971; x_wconf 90' lang='lat' dir='ltr'><strong>duratio</strong></span> <span class='ocrx_word' id='word_1_186' title='bbox 821 2914 868 2969; x_wconf 88' lang='lat' dir='ltr'><strong>est</strong></span> <span class='ocrx_word' id='word_1_187' title='bbox 879 2914 959 2970; x_wconf 90' lang='lat' dir='ltr'><strong>actu.</strong></span> <span class='ocrx_word' id='word_1_188' title='bbox 1005 2906 1152 2970; x_wconf 80' lang='lat' dir='ltr'><strong>Similiter</strong></span> <span class='ocrx_word' id='word_1_189' title='bbox 1165 2916 1268 2971; x_wconf 88' lang='lat' dir='ltr'><strong>motus</strong></span> <span class='ocrx_word' id='word_1_190' title='bbox 1281 2915 1386 2971; x_wconf 87' lang='lat' dir='ltr'><strong>exten·</strong></span> 
     </span>
     <span class='ocr_line' id='line_1_24' title="bbox 286 3018 1385 3106; baseline -0.001 -23"><span class='ocrx_word' id='word_1_191' title='bbox 286 3020 386 3085; x_wconf 89' lang='lat' dir='ltr'><strong>dendo</strong></span> <span class='ocrx_word' id='word_1_192' title='bbox 402 3020 535 3106; x_wconf 84' lang='lat' dir='ltr'><strong>seipsum</strong></span> <span class='ocrx_word' id='word_1_193' title='bbox 549 3020 687 3083; x_wconf 80' lang='lat' dir='ltr'><strong>extendit</strong></span> <span class='ocrx_word' id='word_1_194' title='bbox 697 3028 729 3082; x_wconf 85' lang='lat' dir='ltr'><strong>et</strong></span> <span class='ocrx_word' id='word_1_195' title='bbox 744 3019 923 3103; x_wconf 85' lang='lat' dir='ltr'><strong>quantifieat</strong></span> <span class='ocrx_word' id='word_1_196' title='bbox 932 3018 1157 3103; x_wconf 81' lang='lat' dir='ltr'><strong>quodammodo</strong></span> <span class='ocrx_word' id='word_1_197' title='bbox 1168 3019 1302 3104; x_wconf 87' lang='lat' dir='ltr'><strong>spatium</strong></span> <span class='ocrx_word' id='word_1_198' title='bbox 1315 3040 1385 3103; x_wconf 51' lang='lat' dir='ltr'><strong>pera</strong></span> 
     </span>
     <span class='ocr_line' id='line_1_25' title="bbox 285 3130 1384 3217; baseline -0.001 -22"><span class='ocrx_word' id='word_1_199' title='bbox 285 3151 410 3196; x_wconf 88' lang='lat' dir='ltr'><strong>cursum</strong></span> <span class='ocrx_word' id='word_1_200' title='bbox 435 3156 454 3197; x_wconf 86' lang='lat' dir='ltr'><strong>a</strong></span> <span class='ocrx_word' id='word_1_201' title='bbox 477 3132 583 3196; x_wconf 90' lang='lat' dir='ltr'><strong>mobili</strong></span> <span class='ocrx_word' id='word_1_202' title='bbox 605 3151 660 3217; x_wconf 87' lang='lat' dir='ltr'><strong>per</strong></span> <span class='ocrx_word' id='word_1_203' title='bbox 681 3131 943 3196; x_wconf 81' lang='lat' dir='ltr'><strong>continuationem</strong></span> <span class='ocrx_word' id='word_1_204' title='bbox 966 3130 1176 3195; x_wconf 85' lang='lat' dir='ltr'><strong>ubicationnm</strong></span> <span class='ocrx_word' id='word_1_205' title='bbox 1198 3130 1384 3195; x_wconf 85' lang='lat' dir='ltr'><strong>continuatis</strong></span> 
     </span>
     <span class='ocr_line' id='line_1_26' title="bbox 285 3242 1382 3328; baseline -0.002 -20"><span class='ocrx_word' id='word_1_206' title='bbox 285 3244 447 3308; x_wconf 89' lang='lat' dir='ltr'><strong>momentis</strong></span> <span class='ocrx_word' id='word_1_207' title='bbox 472 3242 741 3327; x_wconf 81' lang='lat' dir='ltr'><strong>respondentium:</strong></span> <span class='ocrx_word' id='word_1_208' title='bbox 764 3252 796 3306; x_wconf 90' lang='lat' dir='ltr'><strong>et</strong></span> <span class='ocrx_word' id='word_1_209' title='bbox 819 3242 893 3328; x_wconf 89' lang='lat' dir='ltr'><strong>quia</strong></span> <span class='ocrx_word' id='word_1_210' title='bbox 915 3242 1027 3307; x_wconf 91' lang='lat' dir='ltr'><strong>mobile</strong></span> <span class='ocrx_word' id='word_1_211' title='bbox 1051 3242 1192 3307; x_wconf 85' lang='lat' dir='ltr'><strong>ubicatur</strong></span> <span class='ocrx_word' id='word_1_212' title='bbox 1214 3242 1382 3328; x_wconf 88' lang='lat' dir='ltr'><strong>secundum</strong></span> 
     </span>
     <span class='ocr_line' id='line_1_27' title="bbox 285 3353 1383 3439; baseline -0.003 -19"><span class='ocrx_word' id='word_1_213' title='bbox 285 3356 435 3421; x_wconf 87' lang='lat' dir='ltr'><strong>elementa</strong></span> <span class='ocrx_word' id='word_1_214' title='bbox 449 3353 655 3434; x_wconf 87' lang='lat' dir='ltr'><strong>indivisibilia,</strong></span> <span class='ocrx_word' id='word_1_215' title='bbox 676 3377 730 3418; x_wconf 89' lang='lat' dir='ltr'><strong>seu</strong></span> <span class='ocrx_word' id='word_1_216' title='bbox 751 3355 922 3419; x_wconf 87' lang='lat' dir='ltr'><strong>secundum</strong></span> <span class='ocrx_word' id='word_1_217' title='bbox 943 3364 1061 3439; x_wconf 86' lang='lat' dir='ltr'><strong>puncta</strong></span> <span class='ocrx_word' id='word_1_218' title='bbox 1082 3356 1227 3432; x_wconf 80' lang='lat' dir='ltr'><strong>materiae,</strong></span> <span class='ocrx_word' id='word_1_219' title='bbox 1242 3354 1311 3419; x_wconf 90' lang='lat' dir='ltr'><strong>ideo</strong></span> <span class='ocrx_word' id='word_1_220' title='bbox 1325 3377 1383 3418; x_wconf 83' lang='lat' dir='ltr'><strong>vox</strong></span> 
     </span>
     <span class='ocr_line' id='line_1_28' title="bbox 278 3466 1382 3553; baseline -0.004 -20"><span class='ocrx_word' id='word_1_221' title='bbox 278 3477 431 3553; x_wconf 78' lang='lat' dir='ltr'><strong>punctum,</strong></span> <span class='ocrx_word' id='word_1_222' title='bbox 447 3488 517 3553; x_wconf 86' lang='lat' dir='ltr'><strong>quae</strong></span> <span class='ocrx_word' id='word_1_223' title='bbox 536 3467 570 3530; x_wconf 90' lang='lat' dir='ltr'><strong>in</strong></span> <span class='ocrx_word' id='word_1_224' title='bbox 593 3488 684 3531; x_wconf 86' lang='lat' dir='ltr'><strong>sensu</strong></span> <span class='ocrx_word' id='word_1_225' title='bbox 704 3466 826 3551; x_wconf 91' lang='lat' dir='ltr'><strong>proprio</strong></span> <span class='ocrx_word' id='word_1_226' title='bbox 846 3467 958 3531; x_wconf 89' lang='lat' dir='ltr'><strong>dicitur</strong></span> <span class='ocrx_word' id='word_1_227' title='bbox 973 3467 1011 3530; x_wconf 92' lang='lat' dir='ltr'><strong>de</strong></span> <span class='ocrx_word' id='word_1_228' title='bbox 1025 3467 1159 3545; x_wconf 88' lang='lat' dir='ltr'><strong>materia,</strong></span> <span class='ocrx_word' id='word_1_229' title='bbox 1174 3466 1322 3530; x_wconf 88' lang='lat' dir='ltr'><strong>translata</strong></span> <span class='ocrx_word' id='word_1_230' title='bbox 1335 3476 1382 3529; x_wconf 88' lang='lat' dir='ltr'><strong>est</strong></span> 
     </span>
     <span class='ocr_line' id='line_1_29' title="bbox 284 3578 1382 3666; baseline -0.004 -21"><span class='ocrx_word' id='word_1_231' title='bbox 284 3582 323 3645; x_wconf 89' lang='lat' dir='ltr'><strong>ad</strong></span> <span class='ocrx_word' id='word_1_232' title='bbox 346 3579 577 3666; x_wconf 83' lang='lat' dir='ltr'><strong>significandum</strong></span> <span class='ocrx_word' id='word_1_233' title='bbox 601 3588 751 3663; x_wconf 89' lang='lat' dir='ltr'><strong>punctum</strong></span> <span class='ocrx_word' id='word_1_234' title='bbox 774 3579 874 3663; x_wconf 85' lang='lat' dir='ltr'><strong>spatii,</strong></span> <span class='ocrx_word' id='word_1_235' title='bbox 890 3579 940 3642; x_wconf 89' lang='lat' dir='ltr'><strong>eui</strong></span> <span class='ocrx_word' id='word_1_236' title='bbox 962 3579 1089 3643; x_wconf 87' lang='lat' dir='ltr'><strong>materia</strong></span> <span class='ocrx_word' id='word_1_237' title='bbox 1108 3600 1241 3662; x_wconf 80' lang='lat' dir='ltr'><strong>praesens</strong></span> <span class='ocrx_word' id='word_1_238' title='bbox 1262 3588 1319 3657; x_wconf 88' lang='lat' dir='ltr'><strong>est,</strong></span> <span class='ocrx_word' id='word_1_239' title='bbox 1334 3578 1382 3641; x_wconf 87' lang='lat' dir='ltr'><strong>vel</strong></span> 
     </span>
     <span class='ocr_line' id='line_1_30' title="bbox 284 3688 1381 3779; baseline -0.005 -22"><span class='ocrx_word' id='word_1_240' title='bbox 284 3716 349 3757; x_wconf 85' lang='lat' dir='ltr'><strong>esse</strong></span> <span class='ocrx_word' id='word_1_241' title='bbox 363 3700 483 3779; x_wconf 60' lang='lat' dir='ltr'><strong>potente</strong></span> <span class='ocrx_word' id='word_1_242' title='bbox 506 3690 600 3756; x_wconf 90' lang='lat' dir='ltr'><strong>immo</strong></span> <span class='ocrx_word' id='word_1_243' title='bbox 614 3690 795 3754; x_wconf 83' lang='lat' dir='ltr'><strong>transfertur</strong></span> <span class='ocrx_word' id='word_1_244' title='bbox 810 3689 974 3775; x_wconf 87' lang='lat' dir='ltr'><strong>aliquando</strong></span> <span class='ocrx_word' id='word_1_245' title='bbox 988 3690 1026 3754; x_wconf 88' lang='lat' dir='ltr'><strong>ad</strong></span> <span class='ocrx_word' id='word_1_246' title='bbox 1041 3688 1276 3773; x_wconf 85' lang='lat' dir='ltr'><strong>significandum</strong></span> <span class='ocrx_word' id='word_1_247' title='bbox 1289 3690 1381 3753; x_wconf 89' lang='lat' dir='ltr'><strong>etiam</strong></span> 
     </span>
     <span class='ocr_line' id='line_1_31' title="bbox 283 3799 1282 3887; baseline -0.006 -18"><span class='ocrx_word' id='word_1_248' title='bbox 283 3812 474 3869; x_wconf 90' lang='lat' dir='ltr'><strong>momentum</strong></span> <span class='ocrx_word' id='word_1_249' title='bbox 489 3801 644 3887; x_wconf 89' lang='lat' dir='ltr'><strong>temporis,</strong></span> <span class='ocrx_word' id='word_1_250' title='bbox 660 3822 721 3886; x_wconf 93' lang='lat' dir='ltr'><strong>quo</strong></span> <span class='ocrx_word' id='word_1_251' title='bbox 737 3799 849 3865; x_wconf 91' lang='lat' dir='ltr'><strong>mobile</strong></span> <span class='ocrx_word' id='word_1_252' title='bbox 863 3801 934 3865; x_wconf 86' lang='lat' dir='ltr'><strong>fluit</strong></span> <span class='ocrx_word' id='word_1_253' title='bbox 949 3824 1003 3885; x_wconf 88' lang='lat' dir='ltr'><strong>per</strong></span> <span class='ocrx_word' id='word_1_254' title='bbox 1017 3809 1167 3885; x_wconf 85' lang='lat' dir='ltr'><strong>puuctum</strong></span> <span class='ocrx_word' id='word_1_255' title='bbox 1182 3800 1282 3885; x_wconf 82' lang='lat' dir='ltr'><strong>spatii.</strong></span> 
     </span>
    </p>

    <p class='ocr_par' dir='ltr' id='par_1_6' title="bbox 282 3912 1379 4443">
     <span class='ocr_line' id='line_1_32' title="bbox 325 3912 1379 3999; baseline -0.004 -20"><span class='ocrx_word' id='word_1_256' title='bbox 325 3914 408 3993; x_wconf 86' lang='lat' dir='ltr'><strong>Dixi,</strong></span> <span class='ocrx_word' id='word_1_257' title='bbox 423 3937 478 3999; x_wconf 90' lang='lat' dir='ltr'><strong>per</strong></span> <span class='ocrx_word' id='word_1_258' title='bbox 498 3922 618 3990; x_wconf 79' lang='lat' dir='ltr'><strong>motum</strong></span> <span class='ocrx_word' id='word_1_259' title='bbox 633 3913 840 3996; x_wconf 78' lang='lat' dir='ltr'><strong>quodammodo</strong></span> <span class='ocrx_word' id='word_1_260' title='bbox 854 3912 1046 3998; x_wconf 86' lang='lat' dir='ltr'><strong>quantificari</strong></span> <span class='ocrx_word' id='word_1_261' title='bbox 1060 3912 1251 3977; x_wconf 85' lang='lat' dir='ltr'><strong>durationem</strong></span> <span class='ocrx_word' id='word_1_262' title='bbox 1266 3921 1297 3975; x_wconf 88' lang='lat' dir='ltr'><strong>et</strong></span> <span class='ocrx_word' id='word_1_263' title='bbox 1312 3934 1379 3996; x_wconf 81' lang='lat' dir='ltr'><strong>epa·</strong></span> 
     </span>
     <span class='ocr_line' id='line_1_33' title="bbox 283 4023 1379 4111; baseline -0.004 -20"><span class='ocrx_word' id='word_1_264' title='bbox 283 4028 373 4106; x_wconf 90' lang='lat' dir='ltr'><strong>tium,</strong></span> <span class='ocrx_word' id='word_1_265' title='bbox 386 4026 458 4111; x_wconf 90' lang='lat' dir='ltr'><strong>quia</strong></span> <span class='ocrx_word' id='word_1_266' title='bbox 479 4025 543 4091; x_wconf 85' lang='lat' dir='ltr'><strong>haee</strong></span> <span class='ocrx_word' id='word_1_267' title='bbox 566 4024 627 4089; x_wconf 89' lang='lat' dir='ltr'><strong>duo</strong></span> <span class='ocrx_word' id='word_1_268' title='bbox 648 4035 771 4089; x_wconf 87' lang='lat' dir='ltr'><strong>tantum</strong></span> <span class='ocrx_word' id='word_1_269' title='bbox 793 4024 832 4088; x_wconf 88' lang='lat' dir='ltr'><strong>ab</strong></span> <span class='ocrx_word' id='word_1_270' title='bbox 854 4024 1024 4089; x_wconf 84' lang='lat' dir='ltr'><strong>extrinseco</strong></span> <span class='ocrx_word' id='word_1_271' title='bbox 1044 4033 1076 4089; x_wconf 90' lang='lat' dir='ltr'><strong>et</strong></span> <span class='ocrx_word' id='word_1_272' title='bbox 1098 4025 1221 4089; x_wconf 86' lang='lat' dir='ltr'><strong>relative</strong></span> <span class='ocrx_word' id='word_1_273' title='bbox 1243 4023 1379 4089; x_wconf 89' lang='lat' dir='ltr'><strong>denomi-</strong></span> 
     </span>
     <span class='ocr_line' id='line_1_34' title="bbox 283 4136 1378 4223; baseline -0.002 -21"><span class='ocrx_word' id='word_1_274' title='bbox 283 4149 398 4203; x_wconf 88' lang='lat' dir='ltr'><strong>nantur</strong></span> <span class='ocrx_word' id='word_1_275' title='bbox 412 4148 536 4223; x_wconf 89' lang='lat' dir='ltr'><strong>quanta,</strong></span> <span class='ocrx_word' id='word_1_276' title='bbox 552 4136 716 4201; x_wconf 88' lang='lat' dir='ltr'><strong>intrinsece</strong></span> <span class='ocrx_word' id='word_1_277' title='bbox 730 4144 832 4201; x_wconf 88' lang='lat' dir='ltr'><strong>autem</strong></span> <span class='ocrx_word' id='word_1_278' title='bbox 848 4144 880 4199; x_wconf 89' lang='lat' dir='ltr'><strong>et</strong></span> <span class='ocrx_word' id='word_1_279' title='bbox 899 4136 1038 4201; x_wconf 88' lang='lat' dir='ltr'><strong>absolute</strong></span> <span class='ocrx_word' id='word_1_280' title='bbox 1058 4145 1131 4200; x_wconf 91' lang='lat' dir='ltr'><strong>suut</strong></span> <span class='ocrx_word' id='word_1_281' title='bbox 1148 4148 1232 4201; x_wconf 79' lang='lat' dir='ltr'><strong>entra</strong></span> <span class='ocrx_word' id='word_1_282' title='bbox 1248 4136 1378 4220; x_wconf 88' lang='lat' dir='ltr'><strong>speciem</strong></span> 
     </span>
     <span class='ocr_line' id='line_1_35' title="bbox 283 4246 1378 4336; baseline -0.003 -23"><span class='ocrx_word' id='word_1_283' title='bbox 283 4249 472 4336; x_wconf 85' lang='lat' dir='ltr'><strong>quantitatis,</strong></span> <span class='ocrx_word' id='word_1_284' title='bbox 488 4257 519 4313; x_wconf 90' lang='lat' dir='ltr'><strong>et</strong></span> <span class='ocrx_word' id='word_1_285' title='bbox 534 4247 677 4312; x_wconf 85' lang='lat' dir='ltr'><strong>exhibent</strong></span> <span class='ocrx_word' id='word_1_286' title='bbox 692 4246 858 4332; x_wconf 85' lang='lat' dir='ltr'><strong>quantitati</strong></span> <span class='ocrx_word' id='word_1_287' title='bbox 871 4246 1108 4311; x_wconf 86' lang='lat' dir='ltr'><strong>fundamentum</strong></span> <span class='ocrx_word' id='word_1_288' title='bbox 1126 4247 1291 4332; x_wconf 88' lang='lat' dir='ltr'><strong>potentiale</strong></span> <span class='ocrx_word' id='word_1_289' title='bbox 1311 4257 1378 4312; x_wconf 88' lang='lat' dir='ltr'><strong>tan·</strong></span> 
     </span>
     <span class='ocr_line' id='line_1_36' title="bbox 282 4357 1377 4443; baseline 0.001 -21"><span class='ocrx_word' id='word_1_290' title='bbox 282 4370 361 4438; x_wconf 87' lang='lat' dir='ltr'><strong>tum,</strong></span> <span class='ocrx_word' id='word_1_291' title='bbox 377 4382 471 4443; x_wconf 89' lang='lat' dir='ltr'><strong>quum</strong></span> <span class='ocrx_word' id='word_1_292' title='bbox 488 4362 550 4422; x_wconf 90' lang='lat' dir='ltr'><strong>sint</strong></span> <span class='ocrx_word' id='word_1_293' title='bbox 565 4357 681 4442; x_wconf 86' lang='lat' dir='ltr'><strong>aliquid</strong></span> <span class='ocrx_word' id='word_1_294' title='bbox 701 4358 828 4442; x_wconf 85' lang='lat' dir='ltr'><strong>simplex</strong></span> <span class='ocrx_word' id='word_1_295' title='bbox 847 4358 964 4423; x_wconf 87' lang='lat' dir='ltr'><strong>habens</strong></span> <span class='ocrx_word' id='word_1_296' title='bbox 984 4359 1134 4424; x_wconf 89' lang='lat' dir='ltr'><strong>infinitam</strong></span> <span class='ocrx_word' id='word_1_297' title='bbox 1150 4360 1377 4439; x_wconf 83' lang='lat' dir='ltr'><strong>virtualitatem,</strong></span> 
     </span>
    </p>
   </div>
   <div class='ocr_carea' id='block_1_5' title="bbox 0 0 1604 4984">
    <p class='ocr_par' dir='ltr' id='par_1_7' title="bbox 0 0 1604 4984">
     <span class='ocr_line' id='line_1_37' title="bbox 0 0 1604 4984; baseline 0 3"><span class='ocrx_word' id='word_1_298' title='bbox 0 0 1604 4984; x_wconf 95' lang='lat' dir='ltr'><strong> </strong></span> 
     </span>
    </p>
   </div>
  </div>
 </body>
</html>
