3200 4984
196 403 265 448 can.
282 384 356 468 nu]
569 406 687 449 neuun
703 406 933 451 uanunauruu.
1261 386 1303 449 67

197 566 290 645 Quod
304 590 402 632 nexus
416 566 468 632 ille
482 567 522 633 sit
533 568 686 633 variabilis
700 569 788 635 facile
802 569 968 655 probatur:
990 592 1062 634 nam
1077 592 1166 655 aqna,
1178 570 1303 655 quando

196 680 290 745 habet
311 679 460 766 quosdam
480 680 595 764 gradus
609 681 716 746 caloris
729 689 777 747 est
791 682 891 765 magis
908 680 1011 761 fluida,
1027 690 1058 745 et
1072 682 1196 767 quando
1210 681 1303 746 habet

196 792 355 879 panciores
369 793 483 877 gradus
498 793 605 858 caloris
619 801 667 857 est
681 793 785 858 minus
799 793 894 859 fluida
909 803 940 857 et
954 792 1114 879 paullatim
1130 793 1246 859 accedit
1263 793 1303 859 ad

197 906 338 991 glaciem,
353 928 423 991 quae
436 913 484 970 est
499 905 606 969 solida.
652 905 712 971 Sed
728 904 877 990 quamdiu
892 927 954 969 non
970 906 1006 969 fit
1021 905 1143 989 glacies,
1160 928 1239 991 aqua
1256 914 1303 969 est

198 1016 299 1081 adhuc
320 1039 410 1102 aqua,
429 1024 462 1081 et
483 1024 588 1081 tamen
605 1015 738 1081 variatur
759 1016 810 1081 ille
832 1039 938 1094 nexus,
956 1039 1019 1102 quo
1040 1017 1208 1083 formaliter
1229 1039 1302 1082 con-

199 1128 350 1193 stituitur.
396 1128 488 1205 Quod
510 1128 579 1193 ideo
599 1128 723 1195 videtur
744 1150 810 1193 esse
829 1129 949 1195 difficile
966 1129 1134 1209 intellectu,
1155 1129 1227 1214 quia
1246 1152 1304 1193 uos

197 1238 323 1305 nomine
337 1261 424 1324 aquas
439 1240 529 1304 unico
544 1239 742 1325 designamus
755 1249 787 1304 et
801 1263 912 1326 aquam
922 1240 1051 1305 calidam
1062 1250 1094 1307 et
1107 1241 1261 1327 frigidam,
1273 1250 1304 1307 et

199 1351 268 1416 ideo
281 1374 396 1416 nomen
409 1374 496 1436 aquae
510 1351 658 1437 accipitur
668 1374 724 1437 pro
735 1351 908 1419 substantie
922 1352 1065 1433 naturali,
1075 1353 1305 1437 praescindendo

197 1486 219 1527 a
231 1460 329 1526 calido
343 1462 391 1526 vel
405 1462 526 1547 frigido.
573 1462 636 1527 Sed
649 1463 905 1527 considerandum
920 1473 977 1542 eat,
992 1463 1076 1549 quod
1090 1486 1204 1531 nomen
1218 1487 1305 1550 aqum

199 1575 245 1639 sic
258 1596 335 1659 vage
349 1583 508 1659 acceptum
523 1596 587 1639 uon
601 1573 685 1654 dicit,
700 1574 761 1639 nisi
774 1575 1021 1655 indeterminate,
1036 1598 1148 1641 nexum
1172 1578 1305 1661 partium

200 1685 460 1766 substantialium,
481 1708 544 1771 quo
564 1685 657 1751 datur
678 1708 765 1770 cquae
786 1707 853 1750 esse
874 1708 1005 1771 aquam:
1029 1695 1076 1751 est
1097 1708 1171 1773 ergo
1192 1710 1306 1753 nomen

201 1798 388 1883 speoificum,
402 1798 487 1883 qnod
507 1797 627 1882 indiget
648 1798 795 1863 coarctari
817 1820 872 1883 per
889 1797 1022 1883 aliquam
1041 1798 1244 1865 differentiam
1258 1800 1306 1865 in·

204 1910 431 1989 dividuativam,
447 1919 483 1973 ut
498 1910 596 1994 possit
611 1907 763 1993 pertinere
776 1908 817 1973 ad
831 1908 965 1993 aliquam
981 1932 1093 1995 aquam
1107 1910 1140 1974 in
1165 1919 1307 1976 concreto

201 2022 392 2087 existentem.
439 2021 514 2085 Haec
528 2030 632 2085 autem
647 2020 819 2085 differentia
840 2021 921 2093 inter
936 2044 1029 2085 unam
1045 2044 1155 2107 aquam
1170 2030 1201 2086 et
1217 2022 1308 2087 aliam

203 2156 314 2219 aquam
336 2133 505 2217 comparari
529 2142 632 2217 potest
654 2132 842 2212 differentiae,
866 2154 936 2217 quae
959 2142 1005 2197 est
1027 2134 1107 2197 inter
1129 2157 1227 2199 unum
1249 2134 1307 2199 eir-

203 2246 309 2311 cuum
334 2254 365 2310 et
394 2244 488 2309 num
511 2244 668 2310 euenum.
699 2224 813 2307 ‘uret
834 2244 916 2307 enim
940 2244 973 2307 in
994 2243 1106 2309 cuano
1128 2243 1245 2308 minore
1268 2244 1308 2309 su

204 2358 301 2422 maior
322 2368 493 2437 curvatura,
508 2380 602 2441 quam
624 2357 658 2421 in
679 2355 805 2435 maiore,
821 2377 883 2419 non
905 2364 1010 2421 tamen
1031 2364 1171 2421 mutatur
1193 2355 1308 2437 speeies

180 2471 321 2554 'figurae
351 2469 426 2533 dum
454 2469 604 2533 transitur
632 2491 651 2532 a
680 2468 797 2531 minore
824 2466 863 2531 ad
886 2467 1041 2532 maiorem.
1086 2468 1128 2532 llt
1152 2468 1195 2533 sic
1219 2468 1309 2533 unica

204 2582 336 2665 aequatio
350 2580 499 2665 generalis

660 2664 848 2748 ffl4ffi=fi

206 2829 422 2905 repraesentare
443 2828 544 2907 potest
566 2819 703 2883 infinitos
725 2817 863 2899 circulos,
880 2820 1047 2885 dummodo
1068 2844 1085 2883 r
1109 2820 1309 2885 diversimode

207 2932 438 2997 determinetur.
484 2929 632 2995 Similiter
649 2953 722 3015 ergo
739 2953 804 2995 non
826 2940 965 2996 mutatur
987 2933 1101 3017 species
1121 2933 1308 3018 aquae,du1n

207 3045 356 3109 transitur
378 3068 397 3108 a
421 3042 518 3109 calida
540 3042 580 3106 ad
603 3042 766 3126 frigidam
788 3044 862 3127 quia
881 3043 932 3109 hic
954 3046 1103 3109 transitus
1122 3067 1185 3109 non
1203 3047 1239 3109 fit
1257 3044 1309 3109 de.

208 3156 356 3221 struendo
383 3156 514 3220 formmn
542 3175 639 3239 aquae,
663 3153 718 3217 sed
743 3153 862 3219 diverso
890 3155 983 3219 modo
1012 3154 1243 3221 determinando
1266 3156 1308 3233 id,

208 3269 291 3354 quod
311 3276 415 3333 manet
432 3266 704 3333 indeterminatum
719 3265 753 3328 in
770 3265 906 3350 generali
927 3267 1103 3332 conditione
1121 3268 1309 3353 exprimente

208 3389 350 3447 naturam
366 3402 461 3466 aquae.
507 3378 568 3443 Sed
582 3378 655 3463 quie
670 3378 708 3441 de
722 3378 771 3443 his
785 3378 885 3443 fusius
900 3379 1055 3464 agendum
1069 3388 1116 3443 est
1130 3380 1163 3443 in
1178 3389 1311 3444 tractatu

209 3493 249 3557 dc
283 3491 500 3569 accidentibus,
530 3489 753 3574 suspendemus
784 3489 959 3555 ulteriorem
988 3490 1219 3576 explicationem
1248 3490 1310 3554 rei:

210 3604 285 3670 satis
306 3614 410 3668 tamen
431 3612 558 3688 apparet
579 3624 617 3667 ex
638 3601 739 3681 dictis,
757 3602 876 3685 formos
896 3604 1047 3667 naturales
1067 3624 1157 3687 posse
1179 3603 1310 3687 recipere

211 3716 310 3802 magis
324 3725 355 3781 et
371 3715 484 3795 minus,
499 3714 575 3799 quin
589 3722 727 3777 mutetur
741 3713 865 3798 speeies.

255 3831 308 3893 59.
331 3827 429 3892 Addit
443 3826 575 3911 denique
590 3825 622 3890 S.
638 3824 787 3889 Thomas:
821 3826 887 3889 Nec
900 3825 995 3889 minus
1009 3826 1184 3909 irreposcibile
1198 3834 1242 3890 eat
1256 3827 1313 3890 oli·

212 3940 285 4024 quid
296 3961 358 4004 eme
374 3939 499 4002 aredium
515 3939 592 4001 inter
608 3938 804 4000 substantiam
821 3945 851 4000 et
870 3937 1013 4001 ocddeua.
1060 3936 1128 4001 Hoc
1143 3960 1248 4003 verum
1266 3948 1313 4004 eat

213 4050 351 4115 absolute
362 4049 527 4135 loquendo.
552 4047 613 4112 Sed
624 4047 705 4132 quia,
716 4068 812 4131 quum
822 4047 985 4133 loquimur,
998 4047 1178 4112 adhibemus
1189 4050 1314 4114 nomina

214 4161 414 4240 substantiva,
444 4158 557 4244 quibus
586 4158 794 4242 significamus
828 4169 953 4222 naturas
990 4158 1181 4243 compositas,
1212 4182 1314 4223 essen-

213 4275 326 4339 tialiter
340 4281 516 4339 constantes
531 4294 568 4335 ex
583 4270 755 4334 substantia
769 4277 799 4333 et
822 4270 986 4350 accidente,
1001 4279 1032 4335 et
1054 4271 1122 4336 ideo
1145 4273 1315 4335 innotuimus

214 4387 347 4451 αοοίιίθηε
367 4386 457 4449 είηιαί
477 4406 542 4447 cum
562 4384 728 4446 abstantia
749 4384 803 4445 saed
825 4405 882 4445 uuo
905 4384 1057 4466 codemque
1082 4386 1197 4446 nemim
1207 4408 1217 4459 ;
1247 4383 1315 4447 ideo

1090 4496 1142 4557 1³2
