3200 4984
304 365 367 427 116
617 389 660 434 ne
678 390 877 435 soosrsnmx
894 390 1074 436 corrosus.
1279 368 1366 458 [cnr.
1384 387 1412 438 ι’.

305 552 421 617 tionem
439 554 540 619 'nnius'
555 557 605 637 ad
626 557 757 623 alterum
781 558 815 623 iii
837 559 945 644 spatio,
960 580 1023 623 non
1044 558 1131 623 sec'us
1151 580 1185 623 ac
1207 579 1244 622 er
1264 558 1409 623 determi:

307 664 433 729 natione
454 676 640 751 punctorum
665 669 745 734 fecta
766 693 822 756 per
843 672 1010 747 materiam.
1055 670 1159 747 Quare
1181 668 1267 749 ratio,
1288 680 1414 756 propter

307 798 398 861 qnam
426 780 527 863 angeli
556 780 602 845 illi
627 782 689 847 duo
712 780 879 868 nequeunt¹
895 784 1011 847 efficere
1034 781 1213 845 distantiam
1243 783 1412 869 physicam,

307 900 441 955 nonest
467 914 572 957 eorum
598 892 785 980 simplicitas,
812 895 864 960 sed
890 890 1120 979 impossibilitas
1138 890 1413 959 ¹circumscribendi

308 1022 360 1064 eos
389 1002 427 1065 ad
457 1013 609 1088 punctum
638 1003 825 1071 ubicativum
855 1002 1160 1091 circumscriptivum,
1189 1003 1230 1069 ob
1260 1005 1412 1069 delectum

309 1114 453 1181 materiae.
498 1116 537 1179 ln
571 1116 729 1182 elementis
758 1128 861 1183 autern
892 1117 1099 1182 materialibus
1129 1114 1260 1181 habetur
1289 1116 1413 1201 praecise

309 1225 445 1304 materie,
461 1248 521 1311 qua
547 1228 649 1313 angeli
674 1226 787 1304 carent.
834 1228 909 1295 Ideo
933 1252 971 1293 ex
995 1229 1044 1293 his
1069 1236 1172 1313 potest
1195 1228 1343 1292 resultare
1363 1250 1413 1291 ex-

308 1336 417 1415 tensio,
433 1336 495 1402 non
511 1349 614 1404 autem
628 1364 665 1405 ex
680 1341 847 1426 spiritibus.

309 1499 314 1507 .
353 1452 412 1528 31:
431 1449 578 1527 Quamvis
595 1451 752 1537 responsio
773 1453 845 1516 dota
868 1452 963 1516 solvat
983 1451 1193 1536 quaestionem,
1212 1450 1322 1515 addere
1343 1452 1413 1535 posss

307 1584 416 1625 sumus
431 1563 468 1626 ad
484 1562 628 1628 maiorem
644 1562 837 1642 evidentiam,
854 1571 1072 1647 argumentum
1091 1572 1196 1626 contra
1217 1583 1273 1627 nos
1295 1560 1412 1625 factum

307 1694 397 1756 posse
412 1683 518 1737 contra
532 1674 878 1761 auctorem'retorqueri.
924 1674 1006 1738 Nam
1022 1682 1128 1737 auctor
1150 1670 1287 1737 admittit
1305 1669 1414 1758 procul

310 1783 414 1865 dubio,
442 1785 564 1870 tempus
592 1785 704 1850 babere
734 1786 901 1871 quamdam
928 1782 1134 1850 extensionem
1164 1782 1353 1865 continuam,
1380 1786 1413 1849 in

308 1918 370 1981 qua
380 1895 668 1962 oeoc'indivisibilia
682 1918 744 1960 non
760 1905 834 1961 sunt
849 1908 951 1981 partes
967 1894 1198 1975 constituentes,
1215 1896 1268 1960 sed
1289 1892 1414 1960 tantum

308 2007 443 2073 termini.
455 2031 471 2066 .’
489 2008 613 2093 Cogitet
630 2029 713 2093 ergo,
730 2007 806 2093 quid
826 2029 1028 2091 responsurus
1043 2015 1133 2083 esset,
1150 2006 1175 2070 si
1191 2006 1259 2091 quis
1270 2014 1415 2070 'uteretur

307 2142 365 2184 suo
385 2118 568 2203 argumento
584 2119 624 2183 ad
645 2117 850 2204 probandum,
870 2117 1009 2203 quod'ex
1029 2116 1105 2181 neoc
1125 2114 1362 2193 indivisibilibu's
1383 2129 1413 2181 et

308 2231 474 2303 inextensis
500 2229 686 2317 non‘potest
711 2230 839 2294 derivari
866 2230 1001 2293 extensio
1028 2230 1184 2314 temporis.
1230 2226 1334 2305 Quod
1349 2228 1414 2313 ipse

305 2352 434 2428 cogetur
463 2340 655 2428 respondere,
684 2342 742 2405 boc
772 2343 800 2405 ei
831 2337 1100 2425 respondebimus;
1127 2334 1237 2411 eadem
1257 2334 1353 2403 enim'
1367 2350 1414 2404 est

307 2455 385 2517 ratio
400 2453 538 2517 continui
558 2453 591 2517 in
606 2450 743 2537 tempore
757 2475 792 2515 ae
807 2452 839 2513 in
855 2451 942 2514 loco:
966 2451 998 2513 in
1015 2458 1146 2535 utroque
1159 2452 1243 2521 enim
1257 2450 1415 2516 habentur

307 2565 432 2630 termini
455 2564 654 2629 indivisibiles
674 2564 736 2627 sive
758 2560 863 2639 reales,
880 2562 941 2625 sive
964 2561 1146 2644 imaginarii,
1168 2563 1207 2625 ud
1231 2562 1414 2627 seinvicem

306 2678 395 2741 relati
417 2678 571 2741 mediante
585 2675 786 2740 fundamento
801 2674 883 2753 reali,
899 2672 931 2736 id
952 2683 998 2736 est
1014 2669 1199 2736 virtualitate
1222 2670 1413 2753 aeternitatis,-

306 2799 360 2852 eut
390 2786 604 2852 immensitatis
634 2786 774 2849 divinae..
799 2783 947 2860 Quodsi
976 2784 1007 2846 in
1034 2795 1171 2868 tempore
1193 2780 1415 2869 concipiuntur

307 2908 463 2963 momente
482 2896 650 2963 successiva
669 2896 825 2973 continua,
841 2906 997 2977 tamquam
1018 2892 1095 2959 illud
1111 2895 1331 2979 implentia,=in
1345 2896 1414 2961 loco

306 3012 419 3095 pariter
441 3006 561 3094 concipi
585 3005 686 3092 potest
710 3004 859 3070 successio
885 3004 1030 3069 continua
1052 3002 1414 3073 momentorum-'motus

241 3173 243 3185 .
307 3119 401 3196 illum¹
410 3120 576 3184 successive
593 3114 792 3203 percurrens:
817 3114 900 3201 quod
921 3126 1023 3181 tamen
1048 3138 1110 3180 non
1133 3129 1179 3181 est
1197 3114 1413 3199 necessarium,

308 3254 404 3316 quum
434 3230 556 3293 realitas
584 3230 642 3293 loci
672 3239 703 3292 et
732 3228 920 3291 extensionis·
954 3221 1030 3310 pure
1054 3227 1171 3292 localis
1209 3223 1273 3293 non
1310 3233 1414 3315 exigat

306 3342 457 3406 actualem
474 3350 604 3418 motum,
622 3340 678 3403 sed
697 3337 797 3404 ¹solam
820 3338 884 3401 eius
904 3334 1240 3421 possibilitatem'inter
1265 3344 1415 3407 terminos

305 3454 374 3518 loci.
447 3479 452 3508 :
502 3453 504 3456 ’
565 3523 568 3528 ,
737 3519 744 3525 .

306 3589 320 3622 μ
352 3564 410 3627 32ζ
430 3560 490 3628 Sed
509 3565 636 3627 fortasse
656 3574 771 3640 auctor,
793 3556 914 3645 quando
935 3558 1051 3639 asserit,
1076 3584 1132 3625 nos
1154 3580 1266 3647 negare
1287 3558 1414 3636 omnem

308 3676 514 3740 extensionem
529 3675 645 3753 realem,
661 3696 732 3739 voce
748 3669 859 3736 'realem
878 3672 1024 3754 intelligit
1047 3676 1236 3754 materialem,
1253 3668 1337 3760 quod
1357 3703 1414 3764 pro

306 3790 375 3872 ipso
387 3788 508 3851 uidetur
523 3785 588 3850 esse
602 3807 700 3850 unum
715 3794 745 3847 et
760 3780 864 3847 idem..
883 3782 932 3844 -Si
946 3784 989 3845 ita
1004 3793 1061 3862 est,
1077 3776 1163 3864 tunc,
1179 3795 1215 3849 ut
1234 3788 1300 3851 eius
1320 3782 1414 3873 argu·

308 3900 456 3965 mentatio
482 3903 582 3963 a'e‘rem
607 3894 670 3961 non
696 3893 845 3971 verberet,
859 3895 961 3979 primo
985 3894 1180 3979 probandum
1205 3898 1233 3960 ei
1264 3892 1326 3978 est,
1348 3925 1415 3966 esse

305 4011 523 4075 inconveniens
552 4010 584 4072 in
614 4008 754 4091 neganda
789 4000 1140 4069 extensione'continua
1169 4012 1331 4089 materiali,
1360 4023 1415 4076 aut

305 4124 416 4192 saltem
431 4142 493 4185 non
508 4144 575 4183 esse
587 4119 696 4183 realem
708 4118 928 4194 extensionem,
940 4117 999 4178 nisi
1016 4117 1055 4180 sit
1067 4108 1253 4185 materialis:
1274 4112 1415 4187 ¹secundo

305 4235 500 4319 probandum
526 4234 558 4296 ei
584 4242 643 4309 est,
664 4223 731 4309 eos,
756 4232 809 4315 qui
839 4236 959 4313 ponunt
988 4219 1139 4295 elementa
1169 4222 1330 4317 simplicia,
1357 4248 1415 4301 ne'c

289 4346 427 4409 realem·
442 4335 655 4428 aliquamlnec
678 4341 866 4405 materialem
892 4340 1100 4411 extensionem
1121 4342 1288 4408 admittere
1312 4334 1415 4430 posse.
