3200 4984
297 382 364 445 208
603 403 646 445 ns
663 402 867 447 suasurum
882 370 1067 448 corrosas.
1246 384 1330 469 [oar.
1348 406 1401 449 111.

298 567 389 633 modo
403 590 438 633 ac
452 568 569 653 reliqua
590 592 661 654 pars
675 571 765 635 vitri:
787 582 819 635 et
833 573 893 636 boc
915 572 989 635 satis
1012 571 1156 650 ostendit,
1179 572 1343 637 moloculas
1356 573 1404 637 illi

297 680 413 744 fissura
427 680 598 745 adiacentes
613 680 704 745 aliam
727 682 959 768 dispositionem
973 683 1180 768 acquisivisse.
1224 684 1312 748 Idem
1326 708 1404 770 prae-

296 803 379 857 terea
399 792 547 877 probatur
562 816 598 857 cx
619 794 765 877 eoquod,
788 794 864 858 dum
885 794 921 857 lit
943 794 1076 859 fractura
1097 794 1242 879 corporis,
1264 804 1404 860 mutatur

297 904 403 969 relatio
418 904 572 969 distantia
586 905 668 969 inter
682 916 793 990 partes,
816 929 885 991 quae
899 905 986 990 prius
999 915 1087 969 erant
1101 906 1282 970 coniunctae.
1326 906 1402 971 Mu-

295 1024 361 1080 tata
375 1026 477 1081 autem
493 1016 648 1094 distantia,
658 1018 885 1082 mutaturactio
893 1044 904 1097 ;
926 1029 958 1082 et
969 1026 1089 1081 mutata
1096 1017 1225 1096 actione,
1236 1018 1403 1099 moloculae,

296 1151 352 1213 pro
374 1128 486 1214 quibus
508 1129 587 1193 actio
610 1138 758 1208 mutatur,
781 1129 894 1193 debent
916 1129 1084 1194 necessario
1106 1129 1195 1192 aliter
1216 1130 1349 1214 incipere
1368 1154 1402 1194 se

295 1240 417 1305 habere.
462 1240 531 1313 Hoc
546 1250 648 1305 autem
665 1242 754 1305 aliter
767 1264 798 1304 se
820 1242 925 1304 labere
943 1250 1044 1326 potest
1061 1240 1238 1324 contingere
1252 1241 1403 1327 multipli-

296 1352 379 1431 citer,
407 1374 463 1436 pro
486 1352 603 1415 diversa
627 1362 738 1416 natura
760 1352 989 1431 molecularum,
1015 1375 1071 1437 pro
1097 1351 1215 1416 diversa
1236 1354 1404 1419 intimitate

296 1463 491 1526 connexionis
507 1471 631 1539 mutua,
648 1485 704 1547 pro
719 1462 839 1527 diversa
852 1462 1029 1527 intensitate
1041 1453 1196 1527 actionum
1212 1474 1401 1532 mutuarum.

295 1574 337 1637 Et
352 1574 395 1638 sic
410 1574 443 1637 in
459 1572 638 1638 substantiis
653 1575 788 1653 viscosis,
804 1576 860 1641 ubi
870 1576 1003 1639 fractura
1015 1576 1051 1639 fit
1060 1575 1152 1654 lente,
1162 1585 1192 1639 ct
1201 1586 1303 1660 partes
1313 1578 1402 1642 facile

296 1685 420 1765 cedunt,
435 1685 531 1749 facilis
547 1696 593 1750 est
609 1687 789 1751 restauratio
804 1687 838 1750 in
852 1687 1030 1771 integrum:
1052 1687 1085 1751 in
1099 1687 1235 1772 liquidis,
1244 1690 1277 1752 in
1289 1691 1402 1773 quibua

293 1797 356 1861 fere
371 1819 434 1860 non
449 1807 495 1861 est
508 1798 653 1877 fractura,
669 1799 774 1862 statim
797 1821 852 1883 per
866 1799 1194 1883 appropinquationem
1213 1802 1402 1865 restabilitur
1431 1825 1434 1829 ·

296 1910 369 1973 unio
383 1910 536 1994 partium:
559 1911 590 1974 in
608 1910 712 1975 solidis
727 1920 833 1974 autem
853 1911 950 1989 duris,
972 1934 1044 1996 quae
1058 1912 1180 1996 proprie
1202 1925 1399 1997 rumpuntur,

294 2023 473 2085 restauratio
488 2044 543 2107 per
558 2023 886 2107 appropinquationem
902 2022 998 2086 solam
1013 2024 1121 2107 nequit
1143 2024 1228 2099 fieri,
1251 2024 1322 2109 quia
1337 2027 1401 2088 vio·

294 2134 389 2198 lentia
404 2134 539 2211 adhibita
563 2134 603 2197 ad
617 2134 824 2219 rumpendum
840 2134 978 2199 alteravit
994 2144 1109 2198 statum
1124 2135 1270 2219 partium,
1285 2146 1316 2199 et
1331 2137 1399 2200 red-

296 2246 374 2311 didit
388 2247 456 2311 illas
478 2246 675 2331 indispositas
697 2246 737 2310 ad
759 2247 905 2311 unionem
920 2248 1005 2332 prius
1028 2247 1219 2310 existentem.
1265 2247 1357 2323 Quod
1373 2250 1399 2311 si

296 2360 482 2445 oxygonium
498 2360 588 2451 airis,
603 2368 658 2423 aut
680 2359 740 2422 alia
761 2382 836 2443 gaza
858 2368 1018 2443 penetrent
1041 2359 1142 2423 locum
1165 2359 1317 2437 fracturae,
1333 2362 1399 2423 sine

296 2470 393 2534 dubio
415 2480 560 2555 poterunt
582 2470 794 2534 alterationem
817 2470 878 2533 iam
900 2470 1079 2534 existentem
1103 2494 1214 2552 augere
1240 2472 1347 2535 saltem
1366 2473 1399 2536 in
1422 2547 1427 2557 ι

295 2582 479 2668 quibusdam
495 2582 670 2667 corporibus
679 2609 690 2661 ;
713 2590 743 2644 et
759 2582 802 2645 sic
813 2580 977 2665 augebitur
986 2581 1190 2646 difficultasea
1201 2583 1234 2645 in
1244 2583 1400 2668 integrum

294 2693 496 2758 restaurandi.

339 2806 408 2869 Hoc
430 2805 531 2890 quoad
554 2804 687 2869 actiones
710 2803 907 2869 moleeulares
930 2805 1113 2868 attractivas.
1157 2806 1304 2870 Actiones
1329 2829 1399 2870 vero

294 2917 490 2981 moleculares
516 2916 673 3001 repulsivae
697 2915 814 2979 habent
838 2917 981 2980 effectum
1006 2915 1179 2980 sensibilem
1200 2918 1292 2981 etiam
1318 2919 1400 2982 ultra

293 3029 436 3093 minimas
451 3028 620 3107 distantias,
638 3038 671 3091 ut
686 3037 790 3112 aperte
805 3037 925 3091 constat
940 3052 977 3092 ex
991 3028 1169 3092 dilatatione
1183 3052 1340 3112 gaiorum.

337 3140 512 3205 Dicendum
539 3164 612 3224 ergo
640 3140 822 3224 generaliter
847 3140 995 3205 actionem
1022 3155 1092 3203 tum
1117 3143 1308 3207 attractivam
1330 3153 1397 3207 tum
1442 3206 1448 3213 ,

293 3254 476 3340 repulsivam
499 3252 629 3317 exerceri
650 3251 736 3315 iuxta
757 3252 857 3336 legem
880 3253 1008 3317 rationis
1030 3253 1157 3318 inversae
1179 3255 1397 3339 quadraturam

294 3367 509 3431 distantiarum
532 3365 750 3429 elementorum
773 3366 856 3430 inter
881 3389 950 3450 quae
971 3377 1147 3460 exercetur:
1169 3379 1201 3431 et
1223 3369 1397 3447 anomalias,

293 3502 362 3566 quae
384 3487 548 3543 occurrunt
571 3477 652 3540 inter
675 3477 848 3556 moloculas,
871 3500 934 3541 non
956 3500 1022 3541 esse
1041 3480 1206 3543 anomalias
1226 3481 1286 3544 nisi
1305 3503 1398 3565 appa-

294 3602 406 3669 rentes,
421 3613 497 3675 quas
513 3588 632 3673 physici
646 3587 714 3653 ideo
731 3610 793 3651 non
807 3598 975 3673 potuerunt
990 3589 1029 3652 ad
1043 3589 1143 3673 legem
1159 3592 1311 3671 reducere,
1327 3592 1399 3675 quia

292 3703 559 3768 consideraverunt
574 3699 755 3763 moleculam
765 3709 923 3784 tamquam
937 3700 1053 3783 aliquid
1062 3723 1160 3765 uuum
1169 3712 1201 3765 et
1210 3701 1397 3781 invariabile,

293 3816 430 3880 eamdem
446 3836 565 3899 semper
578 3812 729 3877 actionem
739 3811 777 3875 ad
789 3811 928 3875 eamdem
943 3812 1121 3876 distantiam
1136 3836 1290 3877 exercens.
1336 3815 1397 3877 Sed

293 3928 347 4014 qui
376 3928 410 3992 in
439 3924 596 3990 moleculis
625 3922 797 3987 considerat
828 3922 976 3986 diversam
1006 3924 1225 3987 elementorum
1254 3934 1396 3988 naturam

295 4049 326 4104 et
340 4039 561 4104 connexionem
576 4059 613 4100 ex
628 4035 754 4099 diversis
777 4034 930 4097 adiunctis
952 4033 1163 4113 resultantem,
1178 4036 1265 4099 lacile
1280 4036 1396 4099 reducit

294 4149 475 4213 anomaliam
506 4148 544 4212 ad
573 4144 711 4231 regulam
741 4144 937 4228 generalem,
951 4155 982 4207 et
1008 4144 1094 4208 omni
1117 4145 1296 4209 difficultate
1320 4144 1395 4211 libe·

291 4271 386 4326 ratur.

338 4374 412 4435 117.
435 4372 578 4453 Affinitos
593 4372 725 4433 chinsica.
772 4368 841 4431 Hoc
855 4367 979 4431 nornine
994 4378 1119 4432 vocatur
1133 4367 1290 4432 tendentia
1301 4368 1395 4432 mole·
