3200 4984
214 406 284 450 car.
303 386 374 470 nt]
553 408 596 451 aa
610 410 816 453 sansnaurra
830 410 1011 453 corrosus.
1257 395 1319 459 193

214 577 308 641 tionis
323 576 465 641 centralis
480 586 533 640 aut
547 576 648 642 nuclei
663 579 795 643 tenentis
806 580 906 643 locum
916 579 1012 643 centri
1023 580 1184 643 attractivi.
1219 580 1319 645 Mole-

214 689 290 754 culae
312 689 458 753 differunt
481 690 589 773 specie,
611 700 702 774 prout
719 692 798 755 vires
821 691 988 755 attractivae
1009 691 1206 755 dominantur
1223 692 1256 756 in
1270 715 1320 756 re·

215 800 348 886 pulsivas
362 810 393 865 et
408 801 558 866 vicissim:
581 823 644 866 non
659 804 742 867 enim
762 814 884 867 servant
902 804 1041 867 eamdem
1055 804 1154 888 legem
1169 812 1272 867 motus
1285 806 1319 867 in

215 922 346 998 utroque
364 934 455 977 casu:
479 914 561 998 quod
575 899 676 999 et⁰per
697 938 728 979 se
748 902 843 999 patet,
864 925 896 979 et
915 915 1071 1000 colligitur
1090 938 1127 979 ex
1146 917 1318 981 considera-

216 1022 299 1086 tione
318 1023 526 1108 aequationum
546 1025 685 1089 dantium
702 1026 835 1090 valorem
855 1027 1003 1111 temporis
1017 1036 1040 1106 t,
1055 1050 1124 1111 quae
1142 1028 1222 1091 frunt
1241 1028 1318 1092 ima-

215 1134 350 1222 ginariae,
374 1136 401 1199 si
422 1136 634 1201 introducatur
655 1138 890 1222 praedominium
909 1140 1021 1203 virium
1043 1140 1262 1223 repulsivamm
1284 1142 1318 1204 in

216 1247 407 1312 attractivas:
430 1248 514 1331 quod
528 1250 602 1312 satis
622 1250 767 1329 ostendit,
783 1250 882 1335 legem
901 1260 1005 1315 motus
1020 1252 1053 1315 in
1068 1252 1127 1338 hoc
1140 1272 1213 1315 casu
1226 1252 1317 1340 ubam

216 1359 377 1423 formulam
393 1360 521 1444 exigere.
995 1448 998 1454 ἢ

257 1470 316 1533 Sed
332 1470 393 1550 hic,
408 1472 521 1535 relictis
537 1472 731 1537 ulterioribus
746 1473 1040 1540 considerationibus
1054 1476 1134 1540 circa
1154 1475 1318 1539 moleculas

216 1604 252 1645 ex
267 1582 407 1665 pluribus
422 1583 579 1647 elementis
597 1586 788 1669 compositas,
806 1588 898 1650 finem
912 1588 1075 1652 faciemus:
1099 1600 1222 1672 tempus
1236 1588 1319 1651 enim

217 1702 274 1771 est,
289 1703 325 1757 ut
340 1694 472 1779 aliquem
481 1696 615 1760 fructum
626 1720 662 1759 ex
671 1698 854 1781 supradictis
864 1700 1030 1783 capiamus,
1042 1700 1231 1763 ostendendo
1242 1680 1321 1783 quoi

217 1805 308 1869 modo
323 1828 359 1869 ex
373 1806 532 1870 elementis
543 1807 576 1869 in
591 1807 723 1871 diversas
733 1808 951 1873 molecularum
963 1811 1078 1894 species
1092 1811 1273 1889 coniunctis,
1289 1819 1320 1874 et

217 1938 254 1981 ex
269 1916 425 1981 moleculis
442 1918 570 1982 invicem
585 1918 748 1998 associatis,
765 1920 907 2003 explicari
921 1922 1080 1985 commode
1094 1920 1212 2006 possint
1227 1945 1320 2006 gene-

218 2026 295 2091 rales
310 2037 341 2091 et
356 2029 499 2111 speciales
515 2051 676 2113 corporum
691 2031 902 2113 proprietates.

661 2400 800 2465 CAPUT
817 2402 879 2466 111.

456 2547 507 2601 DE
525 2547 856 2602 PROPRIETATIBUS
875 2547 1093 2602 CORPORUM.

263 2688 316 2749 99.
340 2683 504 2747 Generales
519 2704 680 2766 corporum
698 2675 899 2766 proprietates
918 2682 1002 2767 apud
1023 2653 1172 2768 physicos
1182 2685 1325 2769 quinque

219 2794 368 2860 recenseri
397 2794 508 2874 solent,
537 2816 648 2877 nempe
670 2796 941 2877 impenetrabilitas,
963 2798 1105 2874 cateresio,
1128 2797 1326 2889 dipisibilitas,

213 2910 373 2991 parasitus,
390 2906 658 2990 compressibilitas.
704 2906 764 2970 His
779 2907 850 2971 addi
866 2906 955 2971 debet
970 2909 1087 2985 inertia,
1103 2916 1134 2970 et
1147 2910 1193 2971 cis
1205 2911 1325 2988 motiva,

220 3043 287 3105 quae
302 3020 399 3105 ipsam
414 3020 576 3083 essentiam
594 3019 771 3083 substantiae
787 3020 952 3085 materialis
964 3020 1169 3085 constituunt.

263 3134 303 3197 ln
317 3131 498 3218 specialibus
511 3155 581 3197 vero
590 3132 829 3217 proprietatibus
843 3141 1062 3216 computantur
1075 3134 1219 3212 soliditas,
1235 3133 1324 3217 liqui-

219 3248 307 3325 ditas,
330 3246 489 3327 fluiditas,·
512 3245 585 3309 item
620 3246 752 3323 durities,
787 3245 933 3323 modities,
963 3246 1125 3311 clasticitas
1153 3255 1184 3309 et
1212 3246 1324 3310 harum

220 3358 390 3435 attineant
404 3356 572 3441 fragilitas,
596 3357 748 3434 tenacitas,
769 3364 800 3419 et
821 3356 897 3419 aliae.
940 3356 990 3419 De
1004 3356 1053 3420 his
1076 3356 1207 3421 breviter
1228 3380 1325 3441 agen-
1441 3381 1445 3386 ·

221 3469 294 3532 dum
310 3477 355 3532 est
370 3468 402 3531 in
418 3467 475 3531 hoc
490 3468 598 3551 capite,
622 3466 734 3530 additis
752 3465 935 3551 quibusdam
952 3468 1031 3531 circa
1046 3470 1172 3551 pondus,
1188 3491 1324 3547 massam,

220 3582 385 3663 conflictum
407 3602 569 3662 corporum,
593 3578 720 3662 aliisque
740 3579 778 3641 ad
793 3601 895 3642 veram
916 3578 1065 3642 theoriam
1085 3580 1242 3665 physicam
1257 3602 1325 3663 per·

221 3692 357 3770 utilibus,
380 3692 550 3775 praesertim
571 3691 597 3753 si
617 3712 685 3774 quae
700 3712 735 3753 ex
755 3689 818 3753 illis
835 3690 936 3754 adhuc
957 3690 1175 3755 insufficienter
1195 3700 1325 3755 tractata

220 3814 291 3867 sunt
307 3826 324 3866 a
338 3801 481 3887 physicis.
551 3792 557 3812 ⁵

266 3916 339 3978 100.
361 3912 639 3995 Impeactrabilitas.
670 3910 709 3974 ln
730 3909 895 3973 tribuenda
916 3909 1094 3994 corporibus
1109 3911 1325 3995 impenetrabi-

220 4025 305 4089 litate
325 4023 400 4088 satis
420 4021 605 4086 concordant
620 4019 749 4107 physici,
771 4020 825 4084 sed
844 4042 906 4083 non
927 4043 1034 4084 omnes
1051 4021 1135 4085 inea
1153 4021 1324 4087 definienda

221 4160 254 4200 ac
276 4134 437 4200 limitanda
464 4134 661 4198 conveniunt.
705 4132 799 4196 Juxta
821 4154 888 4211 nos,
911 4132 1181 4217 impenetrabilitas
1210 4134 1324 4219 duplici

222 4248 311 4311 modo
334 4246 430 4330 accipi
452 4255 573 4330 potest:
594 4244 694 4329 primo
716 4244 808 4308 modo
829 4265 886 4328 pro
908 4244 1153 4328 impossibilitate
1182 4248 1326 4310 traasitas

221 4361 312 4424 unius
327 4358 462 4443 corporis
477 4380 531 4441 per
546 4356 647 4421 aliud:
672 4355 805 4419 secundo
825 4356 916 4420 modo
931 4378 987 4439 pro
1001 4355 1244 4439 impossibilitate
1253 4380 1325 4440 per·

1130 4486 1151 4529 o
