3200 4984
225 378 293 421 cnr.
311 358 365 442 11.]
590 378 960 425 annun-varunnam.
1284 362 1325 424 13

224 567 287 610 non
298 545 432 631 pertinet
443 545 482 610 ad
494 545 661 612 materiam.
707 551 750 612 5⁰.
776 547 811 612 Si
821 547 950 612 materia
959 547 1147 633 primaesset
1158 551 1213 610 ens
1227 553 1324 610 meta·

225 658 397 743 physicum,
416 669 495 722 esset
518 659 556 722 de
578 681 611 722 se
632 658 847 744 intelligibilis,
867 659 976 724 saltem
992 659 1070 723 Deo.
1115 656 1213 743 Atqui
1234 679 1270 722 ex
1291 657 1323 722 S.

225 769 344 834 Thema
363 770 489 834 materia
506 769 615 854 prima,
636 791 672 834 ut
692 771 800 856 prima,
821 794 885 836 non
904 770 1088 856 intelligitur
1106 793 1124 834 a
1140 771 1209 834 Deo
1219 795 1229 848 3
1251 791 1324 833 nam

225 882 310 946 iuxta
324 881 466 946 eumdem
484 881 515 944 S.
532 881 691 962 Thornam,
707 884 833 948 materia
846 907 905 947 aaa
919 885 1006 948 lubet
1019 885 1051 946 in
1065 884 1132 946 Dee
1151 883 1245 946 imam
1253 904 1327 966 pro·

219 994 321 1075 priam
340 993 431 1056 aliam
448 994 485 1057 ab
503 994 568 1056 idea
590 997 750 1078 compositi.
788 995 871 1058 Nam
883 997 1008 1060 materia
1022 995 1176 1058 secundum
1190 1017 1222 1058 ae
1234 1016 1327 1077 neque

227 1105 398 1183 meetabet,
418 1127 510 1188 neque
524 1107 725 1189 coqnoseibilis
739 1116 783 1170 est
801 1108 844 1191 (p.
859 1109 886 1170 1.
904 1129 935 1192 q.
947 1109 998 1171 15.
1014 1130 1042 1171 a.
1054 1111 1084 1170 3.
1101 1105 1140 1169 ad
1154 1107 1229 1188 3¹¹¹);
1252 1126 1326 1187 ergo

226 1216 352 1282 materia
368 1215 468 1300 prima
488 1238 550 1280 non
569 1225 615 1280 est
633 1239 687 1282 ens
709 1218 952 1304 metaphysicum
961 1243 971 1296 ;
993 1225 1025 1282 et
1044 1216 1112 1281 ideo
1129 1238 1194 1280 non
1210 1224 1258 1281 est
1271 1215 1326 1280 ali·

227 1326 301 1412 qnid
316 1328 448 1413 positivi,
464 1350 519 1392 nee
534 1327 627 1392 habet
642 1328 775 1413 aliquam
790 1329 965 1393 essentiam.

269 1441 323 1504 22.
348 1439 473 1516 Quaeres
497 1439 641 1519 seeundo,
659 1448 758 1504 utrum
783 1443 908 1505 materia
925 1442 1026 1524 prima
1048 1442 1091 1505 ait
1107 1462 1189 1524 pura
1210 1441 1327 1524 myrteo

226 1553 312 1617 entis.

271 1662 454 1748 Respondeo
468 1663 619 1747 negative.
665 1665 746 1728 Nam
762 1687 840 1749 pura
853 1663 978 1749 negatio
992 1663 1067 1729 dicit
1086 1663 1219 1729 nihilum
1238 1662 1326 1728 abso-

227 1775 293 1840 lute
308 1783 490 1860 spectatum.
528 1775 571 1839 At
586 1775 717 1840 nihilum
733 1775 872 1840 absolute
887 1784 1059 1860 spectatum
1074 1797 1136 1839 non
1153 1784 1200 1838 est
1215 1772 1328 1858 prinei-

228 1887 316 1971 pinm
336 1887 464 1951 alicuius
486 1887 520 1950 in
542 1886 644 1972 aliquo
667 1909 776 1972 genere
798 1887 959 1972 principii:
983 1887 1059 1950 dum
1081 1886 1208 1950 materia
1228 1885 1329 1970 prima

227 2007 276 2063 est
289 2021 388 2063 unum
403 2022 420 2063 e
434 1998 591 2083 principiis
604 1997 782 2062 substantiae
797 1998 962 2062 materialis
970 2024 980 2078 3
1003 2020 1077 2082 ergo
1091 1998 1219 2062 materia
1229 1997 1329 2081 prima

228 2132 292 2174 non
307 2119 354 2174 est
368 2109 500 2174 nihilum
517 2108 692 2174 absolutum
701 2135 711 2188 ;
734 2132 808 2194 ergo
825 2132 888 2174 nun
908 2119 955 2174 est
974 2133 1051 2195 pura
1067 2111 1201 2194 negatio.
1246 2109 1327 2174 Prte-

184 2232 311 2286 ··terea
332 2221 458 2285 materia
479 2221 578 2306 prima
599 2229 646 2284 est
668 2220 828 2285 actuabilis
849 2243 904 2305 per
925 2221 1055 2285 formam
1075 2203 1327 2286 substantialem:

229 2333 314 2419 atqui
328 2333 459 2398 nihilum
477 2331 654 2396 absolutum
667 2341 794 2396 nonest
813 2332 982 2412 aetuabile3
1005 2354 1076 2396 nam
1097 2355 1162 2397 esse
1178 2332 1329 2397 aetuabile
1392 2331 1396 2338 ’

228 2455 275 2510 est
292 2468 381 2530 posse
398 2467 453 2530 per
470 2453 572 2509 actum
588 2443 714 2508 alterius
729 2444 795 2508 fieri
809 2465 882 2508 ens:
906 2443 992 2529 atqui
1006 2443 1137 2508 nibilum
1152 2438 1339 2509 absolutum

229 2560 337 2643 nequit
354 2581 409 2643 per
428 2557 561 2642 aliquem
580 2565 681 2621 actum
702 2556 768 2620 fieri
787 2579 853 2620 ena.
896 2557 983 2640 Ergo
1002 2555 1129 2618 materia
1149 2555 1249 2639 prima
1264 2577 1328 2619 non

227 2681 275 2735 est
289 2670 422 2733 nihilum
437 2668 622 2733 absolutum.
668 2668 800 2753 Insuper
814 2667 951 2733 absolute
965 2676 1117 2752 repugnat
1132 2690 1186 2731 ens
1201 2667 1330 2752 simplex

223 2781 373 2867 vcomponi
387 2779 587 2846 essentialiter
601 2803 637 2844 ex
652 2787 722 2844 ente
737 2788 768 2843 et
782 2779 881 2843 nihilo
895 2779 1045 2857 absoluto,
1056 2779 1140 2864 quod
1149 2787 1196 2843 est
1206 2780 1329 2863 negatio

229 2895 320 2959 entis.
365 2892 462 2976 Atqui
477 2891 663 2956 elementum
674 2891 831 2956 materiale
841 2891 1036 2976 eomponitur
1046 2914 1083 2955 ex
1094 2891 1220 2955 materia
1230 2891 1329 2976 prima

225 3015 261 3070 et
278 3007 376 3070 forma
391 3003 596 3083 substantiali,
613 3026 681 3088 quae
697 3004 831 3068 secunda
844 3012 892 3068 est
906 3026 961 3068 ens
976 3003 1239 3090 metaphysieum3
1255 3025 1329 3088 ergo

230 3117 337 3203 nequit
352 3116 479 3180 materia
493 3116 593 3199 prima
607 3137 672 3179 esse
687 3111 820 3179 nihilum
835 3114 1022 3194 absolutum,
1035 3138 1089 3179 seu
1103 3138 1181 3200 pura
1194 3115 1328 3199 negatio.

274 3232 328 3294 23.
352 3228 508 3305 Quaeritur
522 3227 622 3307 tertio,
637 3235 737 3291 utrum
751 3229 875 3290 neuterio
884 3229 986 3311 primu
1000 3231 1041 3292 eit
1055 3228 1155 3311 aliqua
1163 3229 1307 3311 privatio.
1427 3241 1431 3247 '

275 3339 456 3426 Respondeo
470 3338 647 3403 affirmative
656 3364 665 3417 ;
688 3346 720 3402 et
737 3337 877 3423 sequitur
894 3360 931 3401 ex
944 3337 1109 3423 praedietis.
1153 3337 1236 3401 Nam
1250 3337 1330 3402 inter

230 3478 287 3520 ens
300 3463 332 3518 et
347 3448 411 3518 non
421 3475 476 3517 ens
486 3451 625 3516 absolute
637 3472 701 3514 non
713 3449 804 3514 datur
815 3449 960 3529 medium,
972 3450 1034 3513 nisi
1044 3448 1092 3513 vel
1103 3471 1158 3512 ens
1169 3448 1329 3514 relativum

231 3566 279 3632 vel
296 3588 361 3630 non
380 3587 435 3628 ens
453 3563 623 3628 relativum.
669 3561 775 3638 Quum
797 3569 900 3627 autem
924 3559 1088 3645 probatum
1110 3560 1151 3623 sit
1172 3560 1330 3625 materiam

231 3673 363 3765 primam
384 3699 448 3741 non
469 3698 536 3739 esse
558 3697 614 3738 ens
636 3673 810 3738 absolutum
833 3681 865 3736 et
887 3694 950 3736 non
967 3693 1032 3737 esse
1049 3671 1127 3735 nihil
1144 3670 1330 3752 absolutum,

231 3798 263 3855 et
289 3787 425 3873 alioquin
451 3794 570 3851 constet
595 3807 662 3850 earn
687 3806 751 3848 non
776 3805 842 3847 esse
867 3805 923 3848 ens
948 3783 1119 3862 relativum,
1143 3783 1215 3869 quia
1240 3806 1331 3850 omne

231 3901 392 3968 relativum
408 3897 556 3962 fundatur
570 3897 604 3960 in
618 3895 721 3981 aliquo
736 3893 896 3973 absolnt03
920 3894 1058 3979 seqnitur
1072 3915 1139 3957 eam
1154 3894 1231 3957 nihil
1246 3893 1331 3961 aliud

230 4036 298 4080 esse
314 4034 415 4098 posse,
431 4011 491 4074 nisi
507 4031 571 4074 non
593 4031 648 4072 ens
671 4006 840 4071 relativum.
885 4007 988 4091 Atque
1012 4006 1070 4070 hoe
1093 4005 1195 4091 ipsum
1221 4015 1268 4072 est
1283 4007 1331 4075 vel

187 4111 190 4115 ⁴
226 4119 317 4212 pure,
333 4124 380 4189 vel
400 4121 547 4208 privative
565 4119 737 4185 relativum.
781 4117 863 4182 Pure
884 4116 1109 4183 relativumtest
1128 4141 1187 4182 noa
1206 4141 1267 4183 esse
1283 4117 1332 4183 vel

232 4237 357 4302 ailitem
365 4232 590 4298 consideratum
601 4233 759 4315 respective
770 4229 810 4294 ad
818 4252 884 4294 esse
894 4229 981 4309 illud,
991 4229 1030 4294 ud
1042 4229 1125 4315 quod
1133 4253 1189 4315 per
1196 4240 1331 4296 mentem

232 4369 310 4432 pure
331 4345 478 4409 refertur:
512 4342 658 4427 privative
681 4340 840 4406 relativum
863 4349 910 4404 est
939 4349 1081 4426 respectu
1102 4363 1168 4406 esse
1189 4341 1272 4406 illius
1294 4342 1333 4405 ad
