3200 4984
302 355 347 420 34
734 377 776 422 ur
792 376 978 422 assumens
1264 354 1348 438 [err.
1365 370 1404 413 11.

304 539 391 606 Deus
415 541 474 608 hoc
497 543 618 623 iaceret,
635 543 734 608 adhuc
759 544 960 630 quaerendum
985 551 1065 608 esset
1085 564 1125 608 an
1146 542 1332 607 elementum
1355 561 1404 603 re-

303 653 421 719 sultans
444 663 546 741 posset
569 655 629 722 dici
649 666 831 741 generatum
851 679 889 722 ex
903 655 1048 722 duobnsl
1071 678 1111 720 an
1124 655 1228 740 potius
1243 652 1404 719 creatum?

304 765 430 852 insuper
444 789 584 854 quaenam
607 768 684 834 ratio
706 779 785 834 esset
807 777 1047 854 propterquam
1069 790 1132 832 una
1150 765 1254 851 potius
1268 763 1405 842 materia,

304 899 397 964 quam
430 879 525 946 altera
558 879 710 946 diceretur
742 903 870 960 cessare,
900 903 997 966 qaum
1025 879 1140 965 paritas
1169 878 1210 943 sit
1236 875 1404 960 utrinque?

305 989 436 1078 Insuper
450 992 512 1057 utri
527 991 659 1058 termino
674 992 838 1059 dicendum
852 1000 933 1057 esset
947 991 1105 1057 advenisse
1123 1011 1234 1055 novam
1250 987 1404 1054 formam?

303 1101 344 1168 llt
367 1103 486 1170 similia.
534 1105 621 1185 Qua,
641 1105 712 1192 quia
735 1106 775 1172 ad
795 1105 935 1170 ordinem
957 1104 1129 1170 naturalem
1151 1124 1215 1167 non
1236 1101 1403 1186 pertinent,

303 1237 366 1280 non
384 1215 564 1282 discutiam:
588 1217 686 1283 dicam
704 1226 807 1282 tamen
826 1217 921 1282 videri
940 1217 1019 1280 mihi
1034 1215 1117 1301 quod
1135 1214 1168 1278 in
1185 1214 1240 1279 tali
1257 1235 1330 1278 casu
1346 1233 1404 1277 nec

301 1325 464 1394 haberetur
492 1329 648 1414 generatio
680 1352 737 1395 nec
769 1329 892 1409 creatio,
922 1329 976 1394 sed
1007 1351 1085 1413 pura
1117 1325 1306 1404 resultantia,
1335 1346 1404 1411 quae

302 1440 428 1508 haberet
446 1442 679 1508 similitudinem
699 1465 769 1507 cnm
790 1442 960 1507 resultante
981 1440 1157 1506 mechanica
1175 1437 1404 1524 compositionis

302 1553 413 1620 virium
428 1553 648 1640 applicatarum
660 1554 715 1618 uni
727 1562 853 1639 puncto.
898 1555 988 1618 Esset
1002 1562 1106 1618 tamen
1117 1552 1150 1617 in
1161 1551 1219 1617 hoc
1233 1550 1402 1629 diversitas,

301 1666 384 1752 quod
399 1675 559 1752 punctum,
575 1667 625 1731 cni
639 1665 832 1752 applicantur
846 1665 925 1731 vires
943 1666 1136 1744 mechanicae,
1151 1672 1198 1729 est
1217 1663 1304 1742 illud,
1319 1662 1403 1747 quod

301 1799 319 1842 a
334 1777 448 1842 talibus
463 1777 578 1842 viribus
594 1786 743 1856 movetur,
759 1786 912 1863 punctum
927 1767 1008 1856 vero,
1023 1777 1074 1841 cui
1088 1776 1316 1862 applicarentur
1333 1775 1402 1839 duae

301 1889 416 1969 formae,
431 1911 493 1954 non
509 1897 680 1954 moveretur
697 1889 735 1954 ab
753 1889 840 1975 ipsis,
856 1889 910 1954 sed
927 1898 1009 1954 esset
1029 1863 1179 1968 centium,
1195 1910 1231 1952 ex
1249 1909 1311 1972 quo
1327 1887 1402 1971 ipsae

301 1999 473 2084 dirigerent.
483 1999 543 2066 vim
559 2023 647 2065 suam
662 2001 693 2064 in
710 2001 780 2065 alia.

343 2111 454 2178 Adhuc
491 2112 601 2178 addam
630 2111 713 2198 quod
749 2113 782 2176 in
818 2113 878 2176 hoc
906 2134 979 2177 casu
1015 2110 1248 2197 supernaturali,
1278 2110 1400 2195 proprie

298 2225 461 2312 loquendo,
476 2247 539 2289 non
554 2223 717 2290 adderetur
731 2223 829 2288 forma
843 2223 958 2304 formae,
974 2224 1028 2288 sed
1042 2225 1139 2289 virtus
1154 2223 1252 2288 activa
1262 2223 1303 2286 ad
1312 2231 1398 2286 extra

299 2337 386 2404 alteri
401 2337 507 2404 virtuti
522 2336 562 2401 ad
575 2344 670 2402 extra.
716 2336 789 2400 Non
809 2335 892 2399 enim
914 2336 1041 2400 materia
1060 2313 1203 2400 elementi
1222 2333 1399 2399 resultantis

297 2449 438 2516 existeret
462 2449 579 2515 diverso
605 2448 696 2513 modo
722 2455 791 2533 post
816 2447 973 2526 unionem,
997 2470 1091 2532 quam
1116 2448 1202 2532 prius
1228 2446 1396 2524 existebat;

300 2585 397 2648 quum
427 2560 602 2626 terminatio
632 2560 765 2624 materiae
795 2559 836 2622 sit
864 2558 970 2623 eadem
1001 2560 1058 2624 sub
1088 2581 1280 2645 quacumque
1303 2559 1402 2623 forma

298 2673 456 2753 materiali,
487 2684 523 2738 ut
552 2672 694 2737 habitum
722 2679 769 2736 eat
799 2694 892 2756 supra
921 2693 953 2736 n.
983 2675 1037 2736 30.
1097 2672 1296 2736 Perficeretur
1325 2693 1399 2755 ergo

298 2785 485 2850 elementum
499 2784 662 2864 resultans,
678 2783 711 2847 in
726 2783 845 2848 ratione
860 2783 905 2848 vis
919 2783 1024 2848 activae
1044 2784 1083 2848 ad
1103 2791 1196 2862 extra,
1211 2804 1275 2846 non
1294 2789 1399 2847 autem

298 2896 332 2960 in
350 2895 466 2960 ratione
485 2895 628 2981 principii
647 2894 760 2980 passivi
770 2919 779 2974 3
802 2903 833 2958 et
851 2894 895 2960 sic
915 2907 1001 2960 actus
1021 2894 1087 2959 cius
1107 2893 1315 2959 substantialis
1335 2916 1399 2959 non

299 3015 379 3071 esset
393 3005 470 3070 alius
491 3008 522 3069 io
542 3015 682 3090 quantum
702 3007 754 3070 dat
773 3029 834 3070 esse
851 3008 980 3070 materie
998 3007 1092 3091 (quod
1111 3014 1158 3071 est
1178 3007 1300 3091 propria
1322 3007 1398 3070 ratio

299 3119 430 3201 forme),
446 3117 499 3182 sed
525 3125 648 3181 tantum
670 3125 750 3182 esset
772 3117 851 3182 alius
876 3119 909 3180 ia
933 3126 1074 3202 quantum
1087 3117 1233 3202 firmet
1257 3119 1399 3182 actionem

298 3231 483 3295 intensiorem
501 3229 542 3293 ad
553 3238 648 3309 cetra,
664 3229 748 3314 quod
765 3239 812 3294 est
831 3229 869 3293 de
887 3230 1006 3294 ratione
1020 3229 1075 3310 vis,
1091 3251 1155 3294 non
1172 3238 1275 3294 auum
1292 3229 1398 3293 formae

298 3341 421 3428 praecise
450 3348 590 3426 sumpte.
636 3341 686 3406 Sic
718 3341 743 3405 si
773 3342 900 3426 sphaera,
925 3350 1045 3408 mutato
1073 3341 1168 3418 radio,
1192 3341 1246 3410 fiat
1276 3340 1397 3426 duplex,

297 3463 437 3520 centrum
464 3475 527 3518 non
552 3452 733 3534 mutabitur,
758 3462 789 3517 et
816 3452 1003 3538 sphaericitas
1028 3453 1134 3518 eadem
1161 3452 1305 3531 manebit,
1330 3475 1398 3538 quae

298 3567 405 3631 eodem
420 3566 511 3629 modo
534 3565 619 3629 dabit
641 3588 706 3630 esse
728 3574 843 3630 centro.
889 3565 973 3630 Hinc
990 3565 1088 3630 forma
1104 3564 1157 3628 illa
1174 3564 1321 3650 sphaerica
1334 3586 1398 3632 non

298 3677 470 3743 mutabitur
484 3676 542 3741 sub
556 3676 674 3740 ratione
690 3676 795 3740 formae
814 3676 977 3761 sphaericae,
993 3676 1047 3741 sed
1065 3684 1187 3741 tantum
1205 3675 1263 3741 sub
1281 3675 1399 3741 ratione

298 3787 490 3876 quantitatis.
536 3787 597 3851 Sed
612 3787 723 3852 dehoc
738 3787 831 3851 nimis
846 3787 952 3853 multa.

342 3899 494 3978 Secundo,
510 3899 536 3962 si
551 3906 660 3983 agatur
679 3897 717 3962 de
735 3897 874 3963 addenda
891 3920 970 3963 nova
985 3899 1084 3963 forma
1102 3921 1165 3963 non
1180 3898 1327 3978 eiusdem,
1343 3895 1397 3964 sed

297 4013 422 4078 alterius
438 4011 558 4095 speciei,
573 4011 638 4076 haee
653 4033 732 4074 nova
746 4009 844 4074 forma
860 4032 924 4074 non
939 4010 998 4074 erit
1012 4010 1190 4096 simpliciter
1205 4010 1396 4090 locomotiva‚

299 4125 353 4190 aed
372 4122 429 4187 erit
448 4121 542 4186 etiam
556 4120 605 4185 vel
619 4121 798 4207 vegetativa,
815 4122 862 4186 vel
882 4121 1035 4201 sensitiva,
1050 4122 1099 4188 vel
1116 4121 1310 4202 intellectiva,
1328 4145 1397 4208 quae
1435 4126 1439 4132 '

298 4234 401 4300 omnia
425 4232 592 4317 important
618 4232 722 4299 vitam.
776 4233 843 4298 Iam
868 4256 938 4298 vero
968 4234 1067 4298 forma
1092 4235 1262 4320 vegetativa
1290 4235 1397 4320 nequit

296 4341 460 4430 superaddi
474 4343 624 4409 elemento
639 4343 796 4424 materiali,
812 4368 909 4430 quum
923 4346 1074 4431 vegetatio
1088 4369 1151 4412 non
1166 4348 1277 4412 lrabeat
1294 4347 1397 4414 locum
