3200 4984
289 364 357 427 304
652 382 693 425 na
710 381 830 424 sarnus
846 380 1039 424 cormunis.
1233 358 1316 441 [car.
1333 382 1387 424 ιιι.

287 552 351 616 siva
366 572 427 615 non
444 552 484 615 sit
498 551 537 616 ad
551 550 706 629 virtutem,
723 549 775 613 scd
790 547 830 613 ad
844 550 905 612 ubi.
950 548 1057 611 Virtus
1071 568 1145 631 ergo
1159 547 1302 612 elementi
1316 547 1394 611 sim-

287 664 374 748 plicis
398 686 517 749 semper
539 662 644 727 eadem
670 669 782 740 manet,
808 660 887 724 sicut
906 667 938 723 et
961 659 1059 722 forma
1081 659 1147 724 cius
1170 659 1389 751 substantialis.

286 776 401 841 Addidi
416 786 520 840 tauma
533 776 661 839 sistendo
678 776 710 838 ia
723 774 835 838 viribus
849 774 987 850 materia,
1002 772 1075 856 quia
1089 771 1115 835 ai
1129 772 1280 836 elementa
1295 781 1390 836 mate·

287 888 373 953 rialia
387 888 528 973 organice
545 886 692 972 disposita
703 885 908 951 informentur
917 884 1020 949 anima
1030 882 1174 949 sensitiva
1182 884 1230 948 vel
1237 884 1388 963 rationali,

286 999 487 1085 proculdubio
513 998 638 1063 additur
665 998 762 1062 virtus
784 996 909 1075 virtuti3
943 995 976 1059 in
997 996 1056 1059 hoc
1078 1005 1182 1061 tamen
1203 996 1294 1060 etiam
1317 1018 1390 1059 casu

288 1113 384 1177 vittam
411 1110 574 1176 materialia
599 1118 703 1175 manet
729 1108 854 1188 cadem3
884 1130 949 1173 non
973 1108 1056 1172 enim
1080 1130 1190 1191 corpus
1212 1108 1301 1172 vivet·
1318 1108 1391 1193 quia

287 1223 381 1289 babet
391 1223 536 1288 virtutem
547 1222 774 1301 elementarem,
783 1220 836 1285 aed
851 1220 924 1306 quia
938 1230 985 1284 est
998 1218 1179 1284 animatum.
1209 1219 1390 1284 Notandum

288 1344 335 1401 est
358 1344 471 1414 autem,
487 1333 572 1421 quod
593 1333 668 1398 dum
684 1355 780 1398 unum
796 1331 983 1396 elementum
997 1341 1096 1396 mutat
1112 1354 1198 1397 suam
1214 1332 1390 1396 distantiam

291 1447 328 1513 ab
343 1446 402 1512 alio
418 1447 582 1525 elemento,
598 1444 735 1529 sequitur
748 1426 880 1508 mutatio
893 1443 1080 1508 intensitatis
1094 1446 1126 1508 in
1140 1447 1254 1510 actione
1267 1443 1391 1509 virtutis

289 1560 419 1638 motivae,
429 1581 498 1645 quae
513 1557 577 1641 agit
591 1557 625 1621 in
635 1557 704 1641 lege
714 1556 834 1621 inversa
845 1556 1060 1641 quadratarum
1072 1556 1305 1621 distantiarum:
1328 1579 1391 1620 non
1446 1606 1449 1611 .

290 1682 393 1736 tamen
408 1671 530 1756 proprie
544 1668 676 1735 habetur
686 1679 789 1733 motus
803 1654 932 1748 virtutis,
944 1668 997 1733 sed
1006 1677 1129 1733 tantum
1143 1669 1261 1734 diversa
1271 1668 1393 1734 virtutis

292 1783 465 1869 applicatio.
661 1782 662 1787 ’

335 1897 387 1962 70.
411 1894 577 1971 Quaeritur.
586 1893 758 1973 undecimo,
773 1916 814 1959 ca
829 1897 861 1958 ia
874 1896 1039 1960 abstantia
1053 1898 1211 1979 compositu
1222 1917 1259 1958 aa
1272 1894 1393 1958 elemen-

291 2011 330 2073 tia
344 2008 534 2091 simplicibus,
551 2008 637 2071 detur
650 2014 746 2071 motas
759 2008 887 2071 virtutis.

335 2117 516 2203 Respondeo
532 2118 721 2198 affirmative,
733 2117 759 2181 si
773 2127 884 2203 agatur
897 2140 960 2181 non
975 2117 1013 2182 dc
1027 2118 1140 2182 virtute
1155 2116 1348 2181 substantiali
1362 2127 1394 2180 et

291 2230 443 2317 primaria,
464 2252 533 2316 quae
556 2238 602 2294 est
625 2230 660 2293 in
682 2229 814 2313 singulis
837 2229 1004 2308 elementis,
1029 2252 1121 2314 quam
1140 2252 1240 2313 nuper
1261 2228 1394 2293 diximus

291 2365 356 2407 non
367 2344 490 2421 mutari,
507 2341 562 2406 sed
576 2341 614 2405 de
629 2341 682 2405 illa
696 2341 810 2406 virtute
824 2341 1011 2421 secundaria,
1027 2364 1098 2426 quae
1118 2341 1246 2407 resultat
1265 2362 1302 2404 cx
1321 2362 1395 2404 con-

290 2451 455 2537 spiratione
477 2462 508 2517 et
527 2450 754 2516 coordinatione
774 2451 965 2536 singularum
982 2452 1130 2517 iirtutnm
1145 2451 1395 2535 elementarium

293 2564 361 2629 duae
376 2564 459 2628 enim
474 2563 522 2627 vel
543 2562 648 2648 plures
663 2561 742 2627 vires
757 2562 859 2647 quoad
879 2561 1082 2626 substantiam
1095 2561 1302 2626 immutabiles
1315 2568 1396 2645 aptae

294 2685 367 2741 sunt
381 2676 493 2740 habere
516 2674 717 2740 resultantem
737 2674 929 2755 mutabilem,
944 2685 1068 2760 propter
1090 2674 1327 2739 mutabilitatem
1348 2672 1395 2735 di·
1443 2720 1446 2724 -

293 2788 413 2853 stantiae
427 2797 562 2866 mutuae,
578 2796 609 2851 et
624 2787 809 2872 angulorum
824 2786 882 2851 sub
904 2787 1016 2873 quibus
1031 2788 1109 2851 vires
1124 2786 1255 2870 singulae
1269 2807 1398 2850 concur-

293 2909 378 2964 runt.
422 2900 464 2963 Et
484 2900 552 2965 ideo
574 2899 705 2964 mutatio
719 2900 844 2964 virtutis
862 2899 1040 2964 resultantis
1059 2909 1125 2963 tum
1141 2898 1250 2983 vquoad
1265 2898 1395 2981 gradum

293 3012 488 3091 intensitatis,
504 3020 572 3077 tum
587 3012 690 3097 quoad
705 3012 836 3098 speciem
854 3013 967 3097 (potest
981 3013 1063 3077 enim
1079 3035 1107 3076 v.
1123 3033 1170 3096 gr.
1186 3034 1223 3075 ex
1237 3011 1396 3075 attractiva

213 3106 219 3117 ¹
294 3124 361 3188 fieri
374 3124 528 3209 repulsiva
538 3131 569 3188 et
580 3124 644 3189 vice
653 3126 763 3209 versa),
773 3123 887 3209 pendet
901 3147 920 3188 a
934 3124 1104 3188 mutatione
1115 3122 1312 3187 relativarum
1327 3122 1397 3186 ubi·

293 3234 449 3299 caticnum
474 3234 507 3297 in
530 3234 670 3320 partibus
693 3234 874 3320 compositi:
900 3235 938 3299 de
961 3258 1023 3320 qua
1045 3259 1085 3300 re·
1100 3235 1188 3320 plura
1210 3234 1342 3299 diximus
1363 3234 1400 3300 in

294 3354 428 3410 tractatu
441 3348 491 3410 De
498 3348 611 3431 prinas
619 3327 779 3431 principiis
800 3370 866 3431 cap.
882 3346 925 3411 iii.
971 3346 1074 3423 Quare
1096 3346 1197 3411 omnis
1219 3355 1322 3411 motus
1337 3346 1397 3410 vir-

296 3456 373 3521 tutis·
387 3456 420 3519 in
432 3455 609 3541 corporibus
624 3456 752 3521 resultat
767 3480 805 3522 ex
818 3466 906 3522 motu
920 3457 1029 3537 locali3
1052 3479 1109 3521 nec
1122 3466 1169 3521 est
1185 3467 1288 3521 motus
1302 3458 1399 3546 virtu·

293 3569 335 3633 tis
350 3568 569 3649 substantialis,
586 3569 639 3633 sed
654 3550 812 3648 naturalis,
827 3592 924 3655 quum
939 3591 1002 3633 non
1021 3579 1158 3633 mutetur
1171 3570 1269 3634 virtus
1283 3569 1396 3633 forma-

296 3703 366 3745 rum
389 3679 647 3760 substantialium,
663 3680 717 3744 sed
733 3689 856 3744 tantum
871 3680 969 3744 virtus
982 3680 1134 3745 resultans
1149 3702 1185 3743 ex
1199 3680 1297 3744 forma
1310 3688 1400 3743 actu·

295 3793 355 3857 ruli
369 3791 538 3878 compositi,
555 3813 622 3877 quae
636 3791 733 3856 forma
747 3792 929 3872 intenditur,
944 3802 976 3857 et
996 3792 1173 3871 remittitur,
1188 3800 1220 3856 et
1242 3792 1398 3871 alteratur,

297 3913 333 3969 ut
348 3904 479 3980 uidimus
494 3904 527 3969 in
542 3903 635 3968 citato
649 3911 792 3969 tractatu.

341 4014 461 4101 Corpus
476 4025 577 4082 autem
594 4015 763 4081 animatum
778 4025 810 4080 et
824 4016 1027 4080 inanimatum
1037 4016 1181 4081 videntur
1188 4014 1296 4080 eodem
1307 4015 1399 4080 modo

297 4152 329 4193 se
358 4128 470 4193 habere
495 4127 596 4213 quoad
619 4136 738 4193 motum
764 4151 827 4193 suae
851 4128 974 4193 virtutis
997 4129 1101 4193 activae
1124 4151 1200 4214 pure
1223 4128 1397 4193 materialis.

298 4242 381 4305 Nam
395 4240 506 4320 anima,
522 4240 715 4305 informando
730 4262 851 4326 corpus,
866 4264 927 4305 non
943 4241 1025 4306 tollit
1040 4242 1106 4305 eius
1120 4240 1279 4305 elementis
1293 4261 1400 4305 eorum

299 4351 431 4415 rationes
456 4361 487 4414 et
516 4351 683 4434 exigentiae
706 4353 887 4421 intrinsecas
908 4363 939 4418 et
964 4353 1139 4419 naturales:
1168 4363 1200 4417 et
1223 4354 1266 4418 sic
1291 4352 1399 4439 nequit
