3200 4984
205 392 275 436 car.
293 371 333 457 1.]
535 394 578 437 nn
595 394 796 438 annsraunla
812 394 996 438 conannas.
1269 378 1311 441 95

204 557 341 622 totaliter
355 557 413 623 erit
427 557 461 622 in
476 557 577 637 tertio,
591 568 622 623 et
636 567 861 644 consequenter
876 559 908 623 in
929 559 1063 625 secundo
1083 571 1115 625 et
1135 562 1257 645 prim03
1279 571 1309 626 et

206 670 250 735 sic
264 655 311 735 ¹dc
328 670 456 735 caeteris.
502 670 616 736 Omnia
633 694 708 756 ergo
727 681 844 757 puncta
864 694 896 735 se
919 672 1132 737 mathematice
1153 673 1312 757 tangentia

205 780 388 847 convenient
413 782 548 846 totaliter
572 783 606 845 in
628 805 729 847 unum
755 783 891 868 primum
918 792 1069 868 punctum
1095 792 1126 848 ct
1151 783 1311 849 habebunt

205 882 305 956 unum
327 913 457 957 numero
478 902 664 958 contactum.
710 893 773 957 Sed
793 912 861 957 esse
882 894 985 958 omnia
1007 893 1040 958 in
1062 916 1125 959 uno
1147 904 1264 980 puncto
1280 905 1311 960 et

204 1005 329 1069 extendi
343 1004 376 1069 in
391 1005 585 1085 continuum,
600 1029 653 1070 seu
668 1005 781 1070 babere
795 1015 898 1091 partes
914 1014 998 1070 extra
1012 1015 1114 1092 partes
1128 1018 1175 1071 est
1190 1016 1310 1073 contra·

205 1116 378 1182 dictoriam.
424 1118 509 1203 Ergo
522 1117 704 1183 continuum
720 1117 877 1182 materiale
892 1126 940 1181 est
954 1117 1234 1183 contradictorium.

249 1229 317 1294 Nec
346 1229 429 1294 dicas
457 1251 528 1294 cum
556 1228 771 1316 peripateticis,
801 1238 978 1294 contactum
1008 1228 1132 1315 quidem
1162 1230 1228 1294 fieri
1256 1252 1312 1315 per

206 1350 368 1426 punctum,
384 1342 438 1407 sed
456 1358 560 1428 partes
580 1365 613 1407 se
631 1342 666 1407 in
684 1362 721 1406 eo
738 1350 855 1427 puncto
870 1349 1033 1425 tangentes
1047 1362 1114 1406 esse
1129 1341 1310 1421 distinctas;

205 1477 279 1519 nam
293 1451 373 1519 'redit
387 1454 470 1519 idem
484 1462 703 1539 argumentum
717 1454 756 1518 de
778 1453 910 1539 singulis
927 1453 1077 1539 partibus,
1093 1454 1176 1539 quod
1194 1454 1310 1519 factum

205 1574 254 1630 est
271 1566 309 1631 de
328 1575 405 1631 toto.
450 1566 556 1631 Partes
574 1565 657 1630 enim
680 1566 751 1631 istae
765 1574 986 1651 supponuntur
1000 1573 1031 1629 et
1046 1565 1121 1650 ipsae
1136 1565 1310 1631 continnae:

204 1698 279 1762 ergo
307 1676 347 1742 de
374 1678 450 1763 ipsis
479 1678 591 1743 iterum
620 1677 716 1763 quaeri
741 1686 852 1763 potest,
878 1676 1033 1763 quomodo
1056 1678 1175 1763 possint
1200 1678 1311 1743 habere

205 1789 424 1869 extensionem,
453 1812 508 1855 sen
536 1789 690 1875 quomodo
718 1789 947 1854 constituantur
975 1788 1146 1855 continuae:
1177 1798 1209 1854 et
1237 1789 1310 1854 sub·

207 1899 311 1965 divisis
325 1901 394 1965 istis
408 1900 442 1965 in
456 1901 530 1965 alias
544 1909 576 1965 et
590 1900 674 1980 alins,
689 1900 802 1965 iterum
817 1910 848 1965 et
863 1899 1029 1966 iterumde
1043 1900 1106 1965 illis
1120 1900 1264 1965 omnibns
1279 1912 1309 1966 et

206 2013 338 2098 singulis
355 2012 466 2078 redibit
488 2012 625 2098 quaestio.
672 2012 729 2076 Vel
751 2034 827 2097 ergo
850 2033 1010 2097 nunquam
1033 2011 1207 2077 inveniebar
1231 2013 1310 2078 ratio

208 2126 361 2191 sufficiens
380 2134 411 2189 et
430 2124 594 2190 intrinseca
614 2124 837 2203 continuitatis,
853 2123 900 2187 vel
920 2146 984 2188 non
1004 2124 1176 2188 invenietur
1194 2123 1255 2188 nisi
1277 2124 1310 2187 in

207 2236 309 2322 aliquo
330 2259 395 2322 non
408 2236 541 2301 habente
555 2236 705 2300 rationem
725 2234 821 2320 partis
841 2234 970 2299 ulterius
985 2233 1152 2313 divisibilis,
1169 2233 1262 2298 idest
1278 2234 1310 2299 in

207 2358 323 2433 puncto
351 2348 577 2413 mathematico.
623 2346 684 2411 Sed
712 2347 746 2410 in
769 2354 886 2431 puncto
912 2345 1128 2410 mathematico
1153 2345 1238 2409 nulla
1263 2356 1310 2410 est

208 2462 286 2527 ratio
307 2459 473 2524 intrinseca
491 2458 713 2539 continuitatis,
729 2468 766 2522 ut
781 2458 873 2522 modo
888 2456 1093 2543 probavimus.
1138 2458 1222 2541 Ergo
1237 2479 1309 2522 con·

208 2573 332 2637 tinunm
356 2570 512 2636 materiale
534 2592 654 2656 semper
679 2569 793 2634 carebit
812 2569 929 2633 ratione
949 2568 998 2633 sui
1017 2568 1222 2633 constitutiva.
1268 2570 1310 2633 Et

209 2683 277 2748 ideo
296 2692 343 2748 est
362 2682 527 2747 intrinsece
545 2691 577 2747 et
592 2680 732 2746 absolute
745 2680 943 2766 impossibile.
989 2681 1140 2745 Praeterea
1154 2680 1311 2745 distinctio

208 2796 270 2873 illa,
285 2818 379 2881 qnam
400 2805 522 2881 ponunt
541 2793 705 2859 adversarii
727 2794 937 2878 interpuncta
951 2800 1147 2857 contactuum
1163 2804 1194 2857 et
1208 2802 1310 2878 partes

208 2931 242 2972 se
263 2908 476 2992 contingentes
498 2914 530 2972 et
551 2906 752 2971 terminantes
773 2906 806 2969 in
830 2905 867 2969 iis
884 2906 1017 2991 punctis,
1034 2906 1221 2995 ertomnino
1235 2905 1310 2970 irra-

207 3020 342 3085 tionalis.
386 3020 469 3084 Nam
489 3040 508 3082 a
526 3026 613 3103 parte
629 3018 674 3082 rei
690 3040 754 3083 non
773 3027 821 3082 est
840 3016 965 3102 aliquod
979 3016 1185 3082 distinctionis
1198 3017 1309 3081 funda·

208 3140 359 3211 mentum,
374 3153 471 3216 quum
485 3131 567 3196 idem
582 3129 764 3195 continuum
778 3130 819 3193 sit
832 3128 1069 3213 homogeneum,
1084 3138 1115 3193 et
1130 3137 1231 3214 partes
1246 3150 1309 3193 non

209 3243 272 3307 sint
298 3241 507 3307 determinatae
531 3240 572 3306 ad
597 3239 731 3325 aliquam
755 3239 1013 3324 magnitudinem,
1034 3249 1065 3304 et
1091 3248 1312 3326 consequenter

208 3352 314 3418 nullus
335 3352 375 3418 sit
403 3352 488 3417 locus
510 3350 608 3431 realis,
630 3352 664 3440 in
686 3373 747 3436 quo
768 3349 870 3436 potius
892 3352 967 3436 poni
989 3351 1097 3417 debeat
1125 3374 1195 3437 pars
1218 3374 1310 3437 quam

208 3474 359 3551 punctum
382 3464 553 3529 terminans
576 3470 705 3547 partem.
752 3461 852 3525 Immo
881 3462 914 3525 in
940 3471 1006 3526 toto
1035 3462 1193 3541 continuo,
1217 3471 1248 3528 et
1277 3462 1310 3526 in

209 3578 347 3664 quolibet
361 3578 452 3661 signo
465 3574 553 3641 locali
567 3573 659 3654 illins,
675 3594 841 3658 possumus
856 3574 1016 3657 designare
1030 3584 1199 3659 punctum:
1221 3584 1253 3639 et
1267 3575 1311 3639 sic

207 3698 254 3755 est
277 3696 385 3754 contra
409 3688 559 3752 rationem
581 3684 712 3749 limitare
741 3683 1019 3767 designabilitatem
1048 3695 1244 3769 punctorum,
1274 3694 1310 3749 ut

208 3800 398 3885 relinquatur
411 3798 498 3863 locus
512 3796 660 3888 partibus.
706 3795 808 3872 Quare
823 3805 958 3880 apparet,
973 3794 1053 3860 hanc
1070 3794 1310 3862 adversariorum

208 3912 414 3978 inventionem
436 3932 502 3975 esse
522 3929 621 3974 unum
640 3930 677 3972 ex
698 3908 790 3972 meris
808 3892 1018 3991 subterfugiis,
1033 3907 1146 3993 quibus
1160 3918 1310 3973 conantur

208 4024 335 4089 evadere
355 4022 437 4107 qnod
460 4023 499 4086 de
516 4020 575 4084 hac
589 4019 742 4085 sententia
756 4019 889 4083 diximus
904 4042 941 4083 cx
956 4018 1120 4098 Goudinio,
1135 4020 1217 4103 quod
1232 4021 1310 4084 ratio

201 4138 287 4201 *Plus
299 4137 410 4215 obiicit,
425 4156 513 4218 quom
521 4133 620 4217 possit
633 4131 755 4197 seberc.
800 4130 862 4195 Sed·
875 4129 933 4196 boc
947 4152 1010 4195 non
1024 4128 1093 4195 ideo
1105 4131 1222 4206 accidit,
1237 4132 1310 4216 quia

208 4249 286 4314 ratio
297 4248 405 4333 probet
418 4246 491 4330 plue
510 4258 598 4329 qaam
608 4252 710 4327 potest
729 4242 891 4325 iutellipere
914 4241 952 4307 de
972 4242 1135 4307 continuos
1165 4242 1219 4307 sed
1238 4244 1310 4329 quia

209 4360 360 4425 sententia
380 4358 418 4422 de
439 4357 566 4420 materia
586 4354 732 4418 continua
750 4353 926 4418 ostenditur
946 4363 1048 4439 aperte
1070 4354 1155 4419 falsa.
1199 4354 1241 4419 Et
1263 4378 1312 4420 res
