3200 4984
196 405 267 456 cnr.
284 385 355 470 ιιι]
553 403 673 448 annun
688 401 923 447 sarcasmus.
1255 377 1298 437 45

241 575 324 640 Hinc
348 598 483 661 quarere
509 578 637 642 formam
664 575 903 641 constituentem
930 568 1117 636 substantias
1142 567 1298 632 naturales

195 687 284 751 nobis
306 688 456 771 cognitas,
479 696 526 752 est
545 711 679 774 quaerere
697 687 829 752 formam
850 683 1030 751 substantia
1049 680 1244 766 compositae:
1267 687 1299 742 et

194 797 317 882 quidem
332 822 396 863 non
410 799 495 864 illam
508 799 640 884 primam
655 799 761 877 solam,
774 820 844 884 quae
854 797 907 862 dat
922 817 988 861 esse
1002 794 1137 880 primum
1148 790 1298 877 partibus,

195 909 247 972 sed
262 910 354 975 ctiam
370 918 401 974 et
416 911 567 996 praecipue
582 911 665 974 illam
681 910 858 988 secundam,
870 930 931 992 qua
945 915 1047 992 partes
1058 903 1189 989 singulae
1200 903 1300 968 deter-

194 1019 353 1085 minantur
366 1022 406 1086 ab
420 1021 488 1086 aliis
502 1021 541 1088 ad
556 1021 704 1107 quasdam
719 1021 854 1087 actiones
874 1028 905 1084 et
925 1018 1092 1104 passiones,
1101 1017 1135 1081 id
1149 1024 1195 1082 est
1203 1016 1298 1094 illam,

193 1154 249 1216 per
264 1154 357 1217 quam
368 1133 414 1197 vis
429 1133 528 1198 activa
542 1142 573 1197 et
587 1133 706 1218 passiva
722 1131 915 1216 singularum
929 1129 1065 1216 partium
1080 1128 1301 1194 determinatur

195 1243 234 1307 ad
257 1252 371 1309 actum.
416 1243 492 1310 Haec
517 1244 600 1309 enim
626 1243 840 1308 determinatio
862 1252 910 1306 est
928 1263 1019 1306 causa
1035 1240 1173 1326 proxima
1193 1262 1250 1304 cur
1268 1246 1300 1302 et

196 1353 286 1419 detur
313 1352 410 1420 nexus
439 1355 564 1441 quidam
590 1355 751 1440 peculiaris
776 1354 859 1419 inter
883 1362 996 1439 partes,
1022 1361 1053 1417 et
1079 1352 1207 1417 resultet
1230 1351 1301 1416 talis

197 1473 307 1531 natura
316 1468 485 1551 composita
493 1466 607 1531 talibus
616 1466 855 1552 proprietatibus
864 1474 979 1530 ornata.
1025 1465 1108 1530 Nam
1123 1487 1219 1550 quum
1235 1485 1301 1527 om·

198 1599 252 1641 nes
267 1577 470 1662 proprietates
486 1578 726 1643 substantiarum
742 1578 979 1663 compositarum
1001 1599 1078 1662 pure
1098 1575 1301 1640 materialium

198 1710 261 1752 non
276 1689 339 1752 sint
353 1689 414 1753 nisi
425 1687 579 1754 naturales
589 1689 857 1754 determinationes
866 1688 906 1753 ad
916 1689 1065 1774 quosdam
1076 1697 1180 1752 motus
1189 1686 1301 1752 locales

199 1821 252 1866 seu
270 1801 464 1866 mechanicos
482 1803 556 1885 (non
575 1801 706 1886 exceptis
724 1800 799 1886 ipsis
814 1800 1053 1886 proprietatibus
1067 1799 1215 1879 chimicis,
1230 1798 1301 1863 licet

198 1911 337 1976 nondum
352 1913 473 1997 possint
488 1912 662 1977 mechanica
676 1912 801 1977 tractari
816 1910 856 1976 ob
867 1934 1019 1976 summam
1028 1911 1302 1996 complicationem,

198 2032 230 2087 et
252 2023 463 2088 difficultatem
485 2023 670 2088 instituendi
693 2023 825 2108 calculi),
842 2022 994 2109 quidquid
1016 2032 1062 2088 est
1077 2023 1163 2087 radix
1178 2023 1304 2087 diversi-

199 2134 272 2202 tatis
286 2134 319 2198 in
335 2134 396 2199 illis
412 2134 729 2224 determinationibus,
745 2143 791 2200 est
806 2134 895 2200 radix·
910 2134 1094 2199 diversitatis
1114 2134 1147 2198 in
1167 2134 1303 2219 proprie·

199 2247 326 2311 tatibus.
372 2246 433 2310 Sed
453 2246 539 2311 radix
560 2246 744 2311 diversitatis
762 2245 795 2311 in
811 2246 1116 2311 determinationibus
1130 2246 1169 2310 ad
1183 2254 1304 2311 motum

200 2358 333 2424 activum
347 2358 395 2423 vel
415 2358 570 2443 passivum
590 2367 720 2423 estnon
743 2358 843 2423 solum
861 2357 978 2423 diversa
998 2357 1123 2443 species,
1137 2358 1304 2443 proportio,

200 2491 348 2536 numerus
363 2479 394 2534 et
408 2471 570 2535 intensitas
585 2470 706 2550 virium,
722 2493 791 2556 qnae
805 2469 976 2556 procedunt
990 2492 1027 2534 ex
1040 2468 1147 2534 formis
1162 2470 1304 2534 substan·

201 2581 327 2647 tialibus
349 2582 541 2666 singularum
562 2582 708 2667 partium,
724 2583 777 2647 sed
798 2582 890 2646 etiam
912 2581 1030 2646 diversa
1047 2581 1193 2646 distantia
1211 2590 1242 2646 et
1258 2582 1304 2646 di·

200 2716 286 2758 versa
301 2693 461 2778 dispositio
475 2693 662 2759 earumdem.
708 2693 791 2778 Ergo
809 2693 896 2758 radix
916 2693 1099 2760 diversitatis
1116 2695 1149 2758 in
1169 2695 1305 2780 proprie·

201 2804 318 2868 tatibus
341 2805 521 2869 substantia
542 2826 605 2869 non
627 2814 674 2870 est
696 2804 762 2870 sola
783 2805 881 2869 forma
904 2804 982 2869 dans
1004 2806 1137 2889 primum
1161 2829 1235 2885 esse,
1251 2806 1305 2872 sed

202 2923 348 3000 praeterea
361 2915 421 2980 alia
435 2916 534 2982 forma
549 2939 604 2982 seu
618 2916 833 2981 determinatio
847 2916 1043 2982 accidentalis
1065 2917 1196 3002 singulis
1210 2919 1306 3003 parti-

202 3027 261 3092 bus
277 3027 403 3092 seorsim
418 3029 560 3113 sumptis,
576 3037 612 3093 ut
627 3028 804 3094 dicebamus
817 3029 918 3118 uadi).
942 3028 1049 3094 Minor
1062 3051 1134 3094 vero
1148 3030 1306 3114 probatur.

203 3138 286 3202 Nam
299 3162 337 3203 ex
352 3139 497 3218 distantia
511 3140 626 3224 pendet
640 3140 802 3204 intensitas
817 3139 945 3205 actionis
960 3140 1090 3220 motivae,
1106 3150 1142 3205 ut
1165 3163 1307 3227 suppono

202 3271 239 3312 ex
260 3251 445 3335 experientia
467 3260 499 3315 et
522 3251 707 3331 mechanica,
723 3260 754 3317 et
776 3273 814 3316 ex
836 3251 1035 3336 dispositione
1057 3251 1174 3318 diversa
1191 3254 1306 3338 pendet

201 3369 270 3425 tum
286 3362 422 3444 directio,
437 3370 506 3427 tum
520 3362 692 3443 intensitas,
704 3371 772 3428 tum
788 3363 879 3428 etiam
895 3384 975 3449 saepe
989 3374 1100 3429 natura
1114 3365 1181 3450 ipsa
1196 3366 1308 3451 (quoad

202 3472 346 3538 effectum
361 3474 556 3539 attractivum
572 3475 618 3539 vel
633 3473 834 3560 repulsivam)
851 3474 1037 3540 resultantis.

247 3585 302 3648 46.
325 3582 455 3650 Constat
484 3606 568 3669 crgo,
592 3584 724 3670 pendere
753 3585 954 3671 proprietates
979 3587 1140 3672 compositi
1168 3588 1261 3655 etiam
1290 3614 1308 3655 a

204 3695 361 3775 distantia,
388 3704 418 3761 et
443 3696 643 3781 dispositione
667 3697 802 3782 partium
832 3698 1072 3782 primitivarum,
1094 3699 1203 3769 saltem
1228 3709 1265 3765 ut
1289 3725 1308 3766 a

202 3806 424 3892 praerequisita,
436 3829 498 3892 quo
512 3807 613 3892 posito
628 3807 705 3872 vires
720 3807 865 3873 virtutem
879 3810 1051 3875 naturalem
1073 3820 1183 3876 mutuo
1201 3813 1307 3878 termi-

203 3927 279 3983 nent
302 3919 342 3984 ad
364 3917 440 3985 tales
454 3918 501 3983 vel
523 3918 600 3983 tales
623 3926 720 3984 actus.
766 3919 799 3984 Si
822 3941 894 4005 ergo
916 3920 1019 4006 aliqua
1038 3920 1211 3988 substantia
1224 3946 1307 3989 com·

203 4031 314 4114 posita,
338 4029 422 4115 quod
447 4029 557 4094 accidit
581 4030 616 4094 in
642 4031 848 4115 generatione,
873 4039 974 4096 mutat
1000 4056 1071 4098 snas
1096 4034 1306 4120 proprietates,

203 4140 290 4206 radix
315 4141 495 4206 mutationis
519 4164 581 4206 non
606 4149 653 4206 est
676 4142 710 4206 in
735 4141 806 4207 solis
829 4143 946 4208 viribus
971 4146 1234 4228 substantialibus,
1255 4146 1310 4214 sed

205 4253 298 4318 etiam
322 4253 355 4318 in
378 4252 534 4319 localibus,
552 4276 657 4318 earum
682 4252 892 4320 relationibus.
938 4256 1021 4323 Hinc
1050 4257 1179 4324 stabiliri
1207 4268 1311 4345 potest

205 4365 345 4432 definitio
360 4387 394 4430 ac
409 4364 565 4430 theorema
580 4388 729 4451 sequens:
