3200 4984
293 351 357 413 312
654 362 704 415 ”ns
721 374 842 419 ramus
858 375 1047 425 courrunss.
1240 359 1323 443 [cir.
1342 380 1396 423 ιιι.

294 534 526 600 constitutivum
541 537 667 604 formale
685 550 715 606 et
731 544 894 623 materiale,
910 546 1026 630 aliquid
1040 555 1141 631 potest
1156 546 1183 611 ei
1200 547 1334 612 accidere
1347 548 1394 613 vel

296 644 463 709 secundum
479 647 521 727 id,
540 650 623 733 quod
644 651 677 715 in
700 676 735 717 eo
759 663 804 718 est
827 655 962 737 formale,
984 657 1085 722 idest
1106 658 1271 722 secundum
1287 659 1395 723 veloci-

295 764 409 836 tatem3
433 767 463 823 et
478 758 549 825 huic
570 764 721 849 contingit
745 766 864 831 intendi
879 768 926 832 vel
945 769 1078 833 remitti:
1102 769 1148 833 vel
1164 770 1329 834 secundum
1351 770 1394 847 id,

296 869 378 953 quod
393 879 439 935 est
454 872 487 935 in
503 895 539 936 eo
555 876 719 957 materiale,
735 877 766 942 id
782 888 829 942 est
850 879 1019 944 secundum
1039 880 1235 946 directionem
1249 881 1394 961 localem,

297 990 329 1043 et
343 980 415 1047 huic
429 984 581 1071 contingit
602 987 727 1075 inflecti.
783 990 1047 1057 Considerandum
1066 1003 1168 1057 autem
1191 1002 1247 1072 est,
1267 994 1393 1077 quodsi

297 1091 376 1157 nibil
398 1096 513 1161 accidat
535 1098 632 1163 motui
655 1102 746 1165 semel
768 1104 928 1187 producto,
950 1105 1151 1189 perseverabit
1170 1105 1276 1169 eadem
1290 1115 1392 1170 motus

294 1208 436 1274 velocitas
451 1221 481 1276 et
497 1212 601 1276 eadem
618 1213 760 1280 directio:
785 1218 867 1301 quod
879 1225 925 1280 est
937 1216 1045 1296 dicere,
1058 1216 1246 1282 tendentium
1261 1217 1300 1281 ad
1310 1217 1390 1281 velo-

290 1322 411 1387 citatem
421 1325 615 1405 uniformem,
627 1330 658 1391 ἐι
675 1326 870 1391 directionem
888 1328 1085 1408 rectilineum,
1096 1351 1157 1392 non
1173 1352 1238 1393 esse
1252 1330 1388 1393 acciden-

289 1436 332 1501 tia
344 1446 447 1500 motus
458 1437 571 1517 localis,
589 1439 642 1503 sed
653 1440 692 1503 ad
703 1440 769 1503 eius
780 1440 982 1505 substantiam
994 1442 1154 1525 pertinere.
1194 1442 1253 1505 His
1264 1442 1386 1520 notatis,

287 1550 507 1633 precedentem
528 1552 730 1636 quaestionum
747 1553 944 1637 seriemghuic
963 1575 1085 1638 quoque
1102 1553 1236 1618 materiae
1254 1551 1386 1618 breviter

287 1661 482 1746 applicemus.
1231 1744 1234 1748 ἵ
1277 1640 1281 1649 ⁸

330 1776 382 1840 76.
406 1773 560 1851 Quaeritur
583 1776 685 1861 itaque
708 1778 817 1861 primo,
841 1800 880 1841 ua
901 1780 933 1841 ia
954 1786 1034 1842 motu
1055 1778 1144 1842 locali
1165 1778 1249 1842 detur
1267 1778 1384 1861 aliquid

275 1908 461 1969 pameneae.
578 1969 582 1975 ⁸
836 1865 838 1868 Ι

326 1998 506 2084 Respondeo
520 2002 695 2067 affirmative
703 2028 712 2081 3
736 2024 809 2065 nam
819 2024 910 2065 omne
922 2002 1092 2067 subiectum
1108 2001 1286 2066 mutationis
1301 2002 1379 2065 acci·

282 2110 411 2177 dentalis
431 2114 598 2178 secundum
617 2114 732 2201 aliquid
753 2126 799 2178 est
820 2137 1019 2198 permanens:
1043 2114 1129 2199 atqui
1150 2123 1256 2177 motus
1274 2113 1377 2177 localis

280 2224 440 2289 subiicitur
462 2226 683 2292 mutationibus
707 2226 1056 2311 accidentalibus;,ergo
1079 2224 1246 2289 secundum
1261 2224 1377 2309 aliquid

276 2346 325 2399 est
340 2359 529 2422 permanens.
574 2340 663 2410 Patet
677 2349 780 2403 autem
795 2362 832 2403 ex
849 2348 959 2403 natura
978 2347 1091 2417 motus,
1112 2338 1199 2403 cuius
1215 2337 1375 2422 proprium

274 2452 321 2511 est
336 2471 400 2513 esse
416 2473 534 2536 semper
546 2452 579 2515 in
594 2451 669 2529 fieri,
684 2451 763 2514 hanc
778 2450 1018 2535 permanentiam
1032 2473 1098 2515 esse
1112 2450 1319 2513 successivam.

320 2568 340 2628 7
343 2568 372 2629 7.
396 2562 552 2639 Quaeritur
566 2564 709 2643 secundo,
730 2560 839 2628 unum
850 2564 890 2641 id,
913 2564 992 2647 quod
1004 2566 1035 2626 in
1049 2571 1129 2627 motu
1144 2562 1232 2627 locali
1244 2570 1288 2626 est
1301 2586 1371 2646 per·

274 2699 402 2754 monens,
416 2680 456 2740 sit
471 2677 585 2761 aliquid
595 2677 674 2740 recle
689 2678 720 2741 ia
734 2678 829 2760 specie
842 2682 946 2740 motus.

318 2788 500 2873 Respondoo
518 2788 712 2867 affirmative3
735 2810 807 2851 nam
832 2788 1003 2852 subiectum
1026 2786 1258 2852 modificationis
1280 2786 1369 2849 realis

273 2910 319 2963 est
335 2899 431 2965 reale:
456 2900 509 2964 sed
518 2899 560 2979 id,
573 2899 741 2964 secundum
752 2899 834 2984 quod
847 2909 949 2963 motus
958 2906 1124 2984 permanet,
1134 2906 1181 2962 est
1196 2897 1367 2964 subiectum

272 3011 531 3076 modificationum
550 3011 677 3076 realium
687 3038 697 3089 ς
720 3034 792 3095 ergo
807 3020 853 3073 est
868 3010 985 3096 aliquid
1003 3010 1100 3075 reale:
1123 3008 1211 3088 reale,
1230 3008 1367 3093 inquam,

270 3124 303 3187 in
319 3123 418 3207 specie
433 3131 551 3201 motus3
574 3132 640 3187 tum
657 3124 730 3209 quia
742 3131 789 3194 est
804 3123 836 3186 id
851 3145 913 3207 quo
927 3130 1085 3207 permanet
1096 3130 1207 3201 motus,
1217 3129 1284 3184 tum
1295 3121 1367 3206 quia

269 3233 308 3299 ad
319 3234 435 3298 nullam
451 3235 540 3298 aliam
556 3236 685 3319 speciem
706 3234 784 3299 entis
802 3234 892 3298 realis
906 3234 1011 3299 referri
1025 3241 1137 3319 potest.
1183 3232 1216 3298 si
1230 3232 1312 3297 onim
1327 3233 1367 3297 ad

269 3347 401 3433 aliquam
416 3346 506 3411 aliam
519 3347 648 3431 speciem
662 3346 835 3425 referretur,
850 3346 980 3410 maxime
994 3346 1034 3410 ad
1047 3353 1187 3431 tempus:
1211 3355 1252 3425 at,
1267 3368 1364 3431 quum

267 3471 390 3545 tempus
404 3462 445 3525 sit
460 3483 606 3525 numerus
621 3469 732 3538 motus,
748 3468 779 3523 et
794 3459 902 3522 intime
917 3457 1082 3522 imbibatur
1095 3458 1129 3521 in
1144 3466 1240 3536 motu,
1256 3457 1363 3541 nequit

268 3573 382 3659 aliquid
406 3573 557 3657 pertinere
580 3572 619 3636 ad
645 3582 775 3654 tempus,
800 3570 862 3634 nisi
887 3569 1004 3635 ratione
1033 3570 1119 3654 prius
1147 3568 1298 3654 pertineat
1324 3568 1363 3633 ad

266 3694 395 3751 motum.

311 3777 362 3864 78.
388 3798 543 3876 Quaeritur
565 3797 667 3876 tertio,
683 3820 728 3877 ,on
750 3796 833 3875 illud,
851 3796 930 3879 qood
942 3796 973 3858 in
987 3803 1067 3859 motu
1082 3794 1170 3858 locali
1182 3803 1227 3858 est
1242 3816 1362 3878 pernw-
1381 3801 1384 3806 ⁴

265 3934 345 3991 aens,
360 3913 401 3975 sit
415 3912 473 3975 tole
480 3935 538 3996 per
552 3910 695 3991 influaum
709 3910 857 3973 moventis.

308 4022 488 4106 Respondeo
509 4022 659 4105 negative.
704 4022 785 4083 Nam
803 4042 929 4083 movens
950 4018 1090 4103 producit
1109 4028 1229 4082 motum
1248 4018 1359 4082 immu-

264 4134 358 4198 tando
373 4118 484 4197 mobile
493 4160 502 4211 ;
525 4156 597 4217 ergo
612 4141 714 4196 motus
729 4132 761 4195 in
777 4140 927 4217 quantum
943 4141 989 4195 est
1004 4154 1021 4195 a
1037 4139 1176 4195 movente
1199 4132 1273 4196 dicit
1291 4154 1359 4195 mu·

261 4247 420 4323 tationem,
434 4267 497 4307 non
516 4244 778 4328 ‚permanentiam
802 4266 875 4327 ergo
897 4244 938 4322 id,
962 4243 1130 4307 secundum
1153 4244 1235 4329 quod
1257 4254 1359 4309 motus

261 4369 307 4419 est
321 4376 512 4437 permanens,
527 4377 590 4419 non
605 4365 651 4419 est
665 4363 847 4440 permanens
861 4365 985 4440 propter
999 4356 1148 4421 indutum
1164 4358 1292 4441 agentis.
1380 4331 1384 4339 ‚
