3200 4984
210 378 280 427 cnr.
297 358 335 442 a]
520 378 562 421 nu
579 376 780 449 sonantum
795 378 978 423 corrosae.
1253 362 1312 423 111

210 568 243 609 ea
264 545 440 610 existentia
480 542 590 629 Itaque
609 544 690 609 linea
710 552 757 609 est
777 547 962 631 inroyinorin,
978 544 1100 631 quando
1119 554 1236 630 puncta
1250 568 1317 611 eam

212 657 447 721 determinantia
460 678 524 720 non
540 665 614 722 sunt
623 656 683 721 nisi
694 657 727 721 in
735 656 974 741 imaginatione:
998 657 1051 722 sed
1063 657 1143 721 linea
1153 658 1210 721 erit
1219 658 1317 737 realia,

212 768 315 833 statim
332 790 367 831 ac
381 767 512 832 existent
527 768 647 833 realiter
657 764 714 832 illa
729 769 791 832 duo
808 777 924 853 puncta
937 768 1071 833 materiae
1085 791 1151 833 eam
1167 769 1199 833 in
1220 770 1319 855 spatio

211 879 482 944 determinantia*.
525 878 604 943 Dico
632 880 731 958 renim,
754 902 819 943 non
848 881 1020 959 materialia,
1043 879 1127 964 quod
1156 889 1203 945 est
1231 878 1319 945 valde

211 990 375 1055 diversum.
419 990 511 1054 Esset
525 1012 596 1054 vero
618 989 707 1055 realis
728 1000 760 1055 et
782 990 948 1056 materialis
971 990 1073 1069 simul,
1090 992 1116 1055 si
1130 990 1179 1056 vel
1196 991 1319 1056 daretur

211 1101 340 1165 materia
364 1101 521 1180 continua,
544 1108 579 1165 ut
605 1109 776 1186 posuerunt
799 1102 1000 1187 peripatetici,
1020 1102 1068 1167 vel
1089 1102 1197 1167 saltem
1219 1126 1319 1168 unum

211 1222 364 1298 punctum
386 1212 542 1276 materiale
563 1222 753 1297 percurreret
775 1214 910 1298 spatium
933 1214 1019 1278 illud.
1066 1215 1104 1278 In
1126 1215 1319 1299 primocasu

212 1331 293 1389 esset
307 1324 388 1388 linea
402 1323 568 1388 materialis
582 1333 613 1389 et
628 1324 718 1389 realis
734 1324 925 1405 simultauee,
942 1348 996 1391 seu
1004 1335 1220 1409 permanenter,
1236 1326 1319 1411 quod

212 1459 250 1499 ex
271 1458 364 1520 supra
386 1434 477 1499 dictis
498 1458 561 1499 non
583 1444 685 1520 potest
708 1436 841 1516 admitti,
864 1460 961 1522 quum
984 1437 1058 1502 satis
1080 1446 1202 1502 ostensa
1227 1437 1320 1501 fuerit

213 1546 380 1611 intrinseca
398 1546 442 1611 rei
465 1547 690 1632 repugnantia:
713 1547 747 1610 in
773 1548 907 1612 secundo
933 1570 1014 1626 casu,
1033 1548 1086 1633 qui
1111 1547 1193 1613 solus
1217 1549 1319 1613 locum

216 1658 328 1722 habere
351 1666 453 1743 potest
477 1658 510 1721 in
533 1680 636 1722 rerum
662 1668 782 1737 natura,
804 1659 885 1723 linea
909 1660 995 1724 fieret
1021 1668 1143 1723 tantum
1164 1662 1321 1725 successive

214 1770 380 1835 materialis
390 1796 401 1849 ς
431 1778 507 1836 rme
529 1770 611 1834 enim
634 1771 762 1835 materia
782 1780 973 1856 percurreret
993 1780 1091 1836 totam
1113 1772 1319 1835 extensionem

215 1882 337 1960 realem,
366 1891 398 1946 et
426 1879 511 1946 illam
541 1882 710 1947 successive
746 1882 957 1948 denominaret
993 1882 1191 1947 materialem.
1238 1883 1321 1947 Hinc

215 1994 352 2057 extensio
365 1994 529 2057 materialis
543 1994 651 2078 nequit
665 2016 742 2072 esse,
758 1994 817 2057 nisi
833 2003 1020 2079 permotum
1034 1995 1142 2079 puncti
1157 1994 1321 2059 materialis

218 2128 250 2168 ce
263 2107 448 2170 ectendentia
463 2107 504 2169 od
515 2129 605 2169 novoe
619 2108 808 2171 abiectiones.

260 2218 399 2301 Apparet
414 2239 498 2301 ergo,
513 2218 718 2301 quantit-atem
738 2216 985 2281 mathematicam
1005 2240 1070 2281 esse
1090 2238 1178 2301 posse
1199 2216 1321 2295 realem,
1422 2244 1432 2259 ⁴

217 2328 339 2392 etiamsi
366 2350 430 2393 non
461 2328 501 2392 sit
527 2328 712 2392 materialis:
744 2336 775 2392 et
799 2349 888 2412 posse
913 2328 978 2391 dari
1003 2327 1096 2391 etiam
1120 2329 1322 2412 quantitatem

218 2438 376 2525 physicam
401 2438 599 2516 materialem,
615 2439 721 2503 saltem
747 2438 914 2503 successive
937 2461 992 2523 per
1017 2449 1146 2518 motum,
1163 2440 1237 2524 quin
1262 2439 1324 2503 ulla

220 2551 311 2615 detur
324 2551 453 2615 materia
463 2551 620 2615 continua.

263 2666 316 2728 27.
341 2663 402 2727 Sed
429 2662 574 2747 Scriptor,
600 2670 708 2726 contra
736 2684 829 2746 quem
856 2660 1059 2745 disputamus,
1086 2661 1211 2746 negabit
1235 2661 1324 2725 nobis

220 2797 286 2839 esse
299 2774 408 2838 realem
423 2774 601 2838 distantiam
616 2774 696 2838 inter
711 2774 773 2837 duo
795 2782 920 2857 puncta,
936 2774 1079 2838 mediante
1100 2796 1208 2838 numo:
1231 2782 1324 2857 negat

220 2886 303 2950 enim
326 2887 360 2950 in
389 2908 445 2950 sua
470 2884 638 2969 Ontologia
664 2884 852 2968 (liberatore
876 2883 990 2948 Philoa.
1017 2892 1095 2949 tom.
1118 2887 1162 2969 2.)
1191 2885 1324 2970 spatium

221 2998 333 3063 habere
359 2997 539 3075 realitatem,
556 2996 616 3060 nisi
639 2996 680 3060 sit
706 2997 851 3082 plenum:
883 3003 915 3059 et
938 2996 1072 3079 spatium
1094 3018 1224 3062 vacuum
1238 3007 1326 3062 vocat

215 3110 362 3194 fictitium
377 3117 406 3173 et
420 3110 621 3173 chimericum.

266 3221 382 3285 Verum
397 3228 503 3285 auctor
516 3220 561 3283 ita
574 3220 695 3283 locutus
709 3226 766 3297 est,
782 3217 932 3303 quianon
947 3217 1048 3302 potuit
1057 3217 1234 3303 'intelligere
1249 3241 1324 3303 quon

223 3334 315 3397 modo
340 3333 474 3418 spatium
501 3333 541 3395 sit
570 3331 673 3416 aliqua
700 3330 822 3394 realitas
852 3328 1092 3413 independenter
1121 3354 1139 3393 a
1167 3332 1327 3415 praesentia

223 3444 359 3529 corporis
381 3444 567 3529 occupantis.
614 3442 684 3506 Hoc
706 3450 811 3505 tamen
835 3440 949 3525 optime
972 3441 1121 3506 intellexit
1144 3442 1326 3521 Fenelonus,

260 3607 276 3638 *
294 3604 394 3658 Stricta
411 3602 555 3676 loquendo,
566 3602 639 3656 linea
655 3605 730 3655 recta
741 3605 769 3654 et
780 3600 910 3655 distantia
922 3618 976 3653 non
995 3605 1059 3655 sunt
1076 3602 1165 3656 idem:
1184 3621 1269 3674 quum
1285 3604 1327 3657 di-

224 3690 325 3745 stantia
342 3690 380 3745 sit
394 3689 559 3762 possibilitas
576 3693 667 3742 motus
684 3687 755 3741 inter
771 3686 902 3740 terminos
919 3687 1003 3755 datos,
1016 3687 1089 3741 linea
1106 3706 1169 3742 vero
1181 3690 1328 3762 vestigium

224 3784 323 3849 moun,
336 3796 390 3849 quo
402 3777 532 3833 distentia
542 3775 713 3849 perorantur.
750 3774 826 3828 Hinc
837 3774 867 3828 in
878 3773 951 3827 linea
963 3775 1068 3845 proprie
1079 3775 1194 3829 hebetur
1206 3778 1328 3831 extensio

224 3871 258 3919 ut
275 3865 305 3919 in
317 3864 442 3937 vestigio,
454 3882 510 3918 non
531 3863 562 3916 in
582 3862 642 3935 ipsa
662 3861 806 3917 distantia:
825 3860 897 3914 linea
915 3860 988 3913 enim
1009 3866 1058 3930 est,
1079 3863 1227 3917 seeundum
1247 3882 1329 3935 quam

225 3952 382 4007 extenditur
393 3956 491 4004 motus.
528 3949 583 4005 Sed
595 3966 680 4020 quum
691 3948 836 4003 adversarii
854 3948 974 4019 cogitent
992 3948 1178 4002 extensionem
1190 3954 1329 4021 tamquam

224 4056 282 4093 rem
304 4043 515 4111 permanentem,
539 4054 595 4090 non
618 4035 806 4104 successivam,
830 4033 924 4089 licebit
947 4033 1031 4087 etiam
1048 4034 1125 4089 nobis
1143 4037 1330 4091 extensionem

224 4130 324 4194 motus,
336 4142 391 4197 quo
402 4124 553 4179 successive
561 4122 717 4177 extenditur
727 4121 808 4190 linea,
817 4120 935 4175 tribuere
947 4120 998 4191 ipsi
1006 4120 1142 4175 distantiae
1152 4124 1329 4193 pemranenti,

225 4212 256 4265 in
267 4211 402 4283 qualinea
413 4214 578 4282 permotum
590 4207 754 4263 extenditur.
791 4208 890 4275 Quare,
900 4224 985 4279 quum
997 4206 1112 4261 dicimus
1120 4209 1214 4263 tineam
1226 4212 1329 4279 realem,

225 4298 405 4370 intelligimus
422 4297 524 4351 lineam
540 4296 648 4349 realiter
665 4295 871 4361 determirmtnm,
884 4312 939 4347 non
950 4312 1014 4347 vero
1026 4295 1132 4349 realiter
1144 4297 1255 4351 doctam.
1292 4298 1331 4352 Et

226 4384 291 4457 quia
313 4385 386 4439 linea
409 4383 478 4437 dicit
502 4382 696 4448 extensionem,
721 4381 808 4452 ipsam
832 4380 989 4434 distantium
1012 4380 1084 4435 inter
1107 4378 1231 4437 extrema
1251 4383 1329 4439 lineae

128 4478 132 4485 '
227 4490 356 4528 vocamus
367 4471 560 4526 extensionem.
598 4469 677 4537 Vide,
690 4486 750 4539 quae
764 4466 879 4522 dicimus
891 4468 961 4521 infra
973 4486 998 4521 n.
1014 4468 1141 4523 105-111.
