3200 4984
213 398 283 443 cae.
301 378 340 462 1.]
570 398 615 441 na
631 399 751 442 narnus
767 396 960 442 cormunis.
1250 378 1317 441 253

260 566 370 650 Itaque
398 566 558 631 existentia
587 568 695 652 puncti
725 567 888 631 materialis
913 568 946 630 in
973 587 1067 630 vacuo
1093 588 1156 629 nou
1181 573 1229 629 est
1253 563 1315 642 nisi

213 676 376 743 existentia
394 678 517 743 termini
537 679 625 743 realis
645 680 801 744 referentis
820 679 955 764 scipsum
970 678 1010 742 ad
1024 690 1174 763 punctum
1188 675 1316 743 virtuale

213 788 441 854 immensitatis.
485 790 733 855 Fundamentum
750 790 820 854 talis
835 790 990 856 relationis
1014 800 1059 854 cst
1082 791 1116 853 in
1138 789 1207 867 hoc,
1232 786 1316 873 quod

212 902 364 967 terminus
378 902 468 967 realis
482 912 601 967 oreatus
615 926 669 987 per
684 926 775 967 suum
790 904 900 968 realem
915 904 1064 967 existendi
1078 902 1204 967 modum
1216 902 1248 965 in
1259 922 1317 965 suo

212 1023 330 1099 puncto
345 1015 427 1093 reali,
444 1038 497 1079 seu
515 1016 548 1078 in
572 1015 680 1100 seipso,
705 1016 844 1079 imitetur
867 1016 988 1080 realiter
1016 1015 1141 1080 modum
1168 1013 1317 1079 existendi

215 1127 400 1190 eminentem
417 1127 632 1191 immensitatis
651 1127 710 1191 Dei
725 1128 758 1191 in
773 1127 880 1192 eodem
895 1137 1019 1212 puncto.
1067 1128 1150 1191 Hinc
1164 1124 1316 1211 quidquid

214 1258 300 1301 novae
317 1236 462 1301 realitatis
481 1238 644 1303 comitatur
665 1239 857 1303 existentiam
876 1239 970 1303 unius
983 1239 1091 1323 puncti
1105 1238 1269 1303 materialis
1283 1238 1316 1303 in

214 1372 317 1429 vacuo,
341 1358 442 1413 totum
472 1350 609 1414 absolute
632 1350 778 1435 recipitur
797 1350 830 1413 in
857 1351 923 1435 ipso
947 1362 1063 1435 puncto
1091 1350 1250 1428 materiali,
1279 1358 1317 1413 ut

214 1460 418 1526 constituatur
440 1462 561 1525 realiter
584 1461 637 1525 tali
661 1462 751 1527 modo
776 1462 920 1527 existens.
967 1462 1087 1526 Relatio
1112 1472 1215 1526 autem
1235 1462 1317 1530 inter

213 1572 272 1637 hoc
292 1576 452 1657 punctum,
468 1583 504 1637 ut
519 1573 651 1638 existens
665 1575 698 1637 in
715 1597 770 1638 suo
785 1576 836 1638 adi
854 1573 938 1654 reali,
953 1584 985 1639 ιι
1000 1574 1237 1638 immensitatem
1256 1572 1317 1637 Dei

213 1695 249 1748 ut
264 1685 443 1749 existentem
462 1684 631 1749 eminenter
645 1685 676 1748 in
693 1685 800 1749 eodem
821 1686 881 1763 soi,
900 1685 1013 1749 dicitur
1024 1688 1202 1769 presentia:
1224 1694 1317 1769 atque

213 1795 329 1859 ratione
347 1795 440 1860 huius
460 1796 627 1880 praesentioe
641 1795 812 1859 virtualitas
831 1794 884 1859 illa
902 1795 1127 1875 immensitatis,
1148 1794 1317 1862 secundum

212 1928 305 1992 quam
320 1907 406 1971 Deus
421 1919 467 1972 est
482 1930 613 1992 praesens
628 1908 780 1987 existenti,
802 1906 1018 1971 denominatur
1034 1907 1215 1992 (etquidem
1231 1907 1316 1972 valde

212 2020 390 2105 improprie)
411 2021 512 2105 plena,
527 2020 573 2085 vel
593 2021 703 2085 melius
727 2020 890 2084 terminata
908 2019 949 2083 ad
967 2029 1061 2099 extra,
1081 2020 1114 2085 id
1133 2035 1181 2085 est
1200 2020 1317 2085 babens

212 2131 252 2196 ad
267 2142 350 2197 extra
365 2132 518 2197 obiectum
536 2132 615 2196 reale
634 2146 770 2196 creatum
786 2132 846 2196 sibi
859 2131 1117 2217 correspondenst
1139 2142 1170 2195 ct
1185 2131 1316 2197 immen-

212 2242 287 2308 sitas
301 2244 368 2328 ipsa
382 2243 494 2309 dicitur
516 2245 662 2329 percurri,
678 2244 709 2307 in
725 2253 877 2328 quantum
896 2244 975 2308 ratio
994 2244 1219 2309 denominativa
1238 2266 1315 2328 prae·

211 2355 321 2419 sentiae
338 2356 521 2420 transfertur
541 2356 579 2420 de
599 2377 660 2419 una
676 2356 743 2419 eius
758 2355 944 2421 virtualitate
965 2356 1003 2419 ad
1021 2356 1123 2435 aliam,
1139 2356 1178 2420 ob
1194 2365 1314 2421 motum

142 2502 148 2513 ·
212 2467 413 2531 intrinsecum
436 2476 550 2553 puncto
570 2467 686 2531 mobili.
732 2467 913 2531 Notandum
933 2476 1037 2532 tamen
1054 2476 1111 2546 cst,
1129 2490 1169 2532 ne
1188 2477 1316 2548 erretur,

213 2578 306 2663 quod,
321 2580 444 2663 quando
458 2578 687 2644 consideramus
701 2578 805 2663 plures
819 2579 1022 2643 virtualitates
1037 2579 1196 2645 distinctas
1209 2580 1242 2643 in
1257 2580 1316 2644 im·

211 2691 383 2769 mensitate,
398 2713 461 2755 non
475 2690 677 2774 intelligimus
691 2713 742 2754 aas
757 2689 907 2775 distingui
926 2690 1096 2756 secundum
1111 2714 1153 2770 se,
1169 2690 1253 2776 quod
1267 2699 1314 2755 est

212 2804 407 2887 impossibile,
423 2802 477 2867 sed
492 2803 725 2867 denominamus
739 2826 790 2868 eas
800 2803 958 2868 distinctas
973 2826 991 2867 a
1005 2803 1144 2868 terminis
1153 2803 1316 2885 distinctis,

212 2914 252 2979 ad
281 2938 357 3000 quos
386 2900 568 2980 terminatur
590 2915 637 2980 vel
660 2915 818 2979 terminari
845 2924 947 2999 potest
975 2915 1079 2980 divina
1106 2915 1314 2980 immensitas:

211 3036 304 3111 atque
326 3027 379 3106 ita,
394 3050 490 3113 quum
515 3049 614 3091 sermo
634 3036 680 3091 est
699 3027 737 3091 de
757 3026 897 3112 pluribus
913 3026 1161 3107 virtualitatibus,
1176 3027 1315 3092 conside·

212 3147 320 3203 rantur
340 3138 443 3223 plures
465 3138 589 3204 termini
618 3161 711 3203 unam
741 3139 893 3202 infinitam
916 3137 1133 3203 virtualitatem
1163 3139 1316 3204 distinctis

212 3252 311 3315 modis
334 3251 543 3332 terminantes,
561 3261 592 3315 et
612 3250 682 3315 ideo
704 3250 914 3315 consideratur
937 3250 1070 3335 spatium
1094 3250 1227 3329 relative,
1251 3273 1314 3317 nou

211 3362 361 3429 absolute.

256 3478 306 3540 12.
332 3474 487 3551 Quaeritur
502 3485 595 3554 sexto,
611 3475 731 3559 quidest
746 3476 884 3553 odientia,
898 3497 950 3538 scu
964 3476 1024 3538 att.

255 3586 454 3671 Respondeo:
477 3588 528 3651 ati
541 3594 588 3650 est
599 3585 725 3650 actualis
735 3584 845 3649 modus
854 3585 1002 3649 existendi
1016 3584 1049 3649 in
1061 3586 1168 3669 spatio.
1216 3584 1248 3651 Si
1264 3586 1315 3650 att

211 3708 403 3783 comparetur
423 3699 461 3762 ad
481 3698 615 3782 spatium
634 3696 810 3762 absolutum
830 3707 964 3775 tantum,
983 3696 1147 3761 habebitur
1161 3698 1212 3761 soi
1225 3697 1313 3762 abso·

210 3807 322 3887 lutum,
338 3806 422 3893 quod
436 3817 482 3872 est
497 3807 625 3871 actualis
639 3808 750 3871 modus
764 3807 915 3870 existendi
929 3807 962 3869 in
978 3807 1076 3891 spatio
1093 3807 1243 3887 absoluto,
1259 3830 1311 3873 seu

211 3922 334 4007 signum
354 3919 434 3985 reale
458 3919 492 3983 in
507 3919 695 3984 virtualitatc
712 3918 928 3983 immensitatis
950 3920 1118 3983 terminans
1137 3919 1313 3984 relationem

209 4032 378 4118 praeseutiae
392 4031 503 4096 divinar
517 4030 556 4095 ad
571 4040 748 4095 creaturam.
785 4030 854 4093 Hoc
869 4038 970 4093 autem
986 4031 1038 4093 ιιι
1050 4041 1097 4094 est
1112 4030 1313 4112 immutabile,

209 4145 356 4233 quamdiu
378 4152 483 4208 manet
502 4165 551 4207 res
566 4143 599 4205 in
615 4164 670 4206 suo
690 4165 766 4221 esse,
788 4165 884 4227 quum
905 4142 1066 4226 praesentia
1079 4142 1124 4206 rei
1137 4142 1266 4208 ubicatae
1280 4144 1313 4207 in

210 4256 308 4342 spatio
331 4255 472 4320 absoluto
496 4255 536 4318 sit
560 4276 678 4338 semper
701 4254 806 4317 eadem
830 4253 979 4318 absolute.
1026 4253 1120 4332 Hinc,
1140 4253 1165 4317 si
1185 4255 1312 4321 unicum

208 4369 394 4435 elementum
410 4366 544 4431 materiae
558 4365 708 4443 existeret,
724 4366 921 4449 quantumvis
936 4364 1145 4449 conciperetur
1159 4365 1250 4445 trahi,
1266 4367 1314 4449 vel
