3200 4984
196 383 266 427 car.
282 361 352 444 ιιι]
577 379 695 423 annun
712 379 945 452 uaruanrupn.
1255 363 1299 424 47

194 574 259 616 esse
277 559 364 616 actu
396 549 590 632 dispositum,
621 557 651 614 et
685 547 810 633 quidem
841 547 964 614 realiter
995 557 1027 613 et
1058 548 1193 636 physice,
1224 549 1298 614 dicit

195 664 325 729 formam
349 661 481 747 aliquam
505 659 613 724 saltem
636 659 863 724 accidentalem.
918 660 1003 744 Ergo
1024 661 1151 726 materia
1171 662 1205 726 in
1227 669 1300 726 actu

195 773 360 860 recipiendi
373 795 484 838 novam
498 772 638 852 formam,
653 771 714 836 iam
728 771 822 836 habet
835 771 869 836 in
880 794 913 836 se
927 772 1056 836 formam
1071 771 1206 858 aliquam
1220 774 1298 838 acci·

197 887 361 951 dentalem.
408 885 493 969 Ergo
515 907 533 948 a
554 884 672 949 fortiori
693 883 755 948 iam
776 883 870 949 habet
895 883 928 948 in
951 907 983 948 se
1004 885 1134 950 formam
1157 886 1299 951 substan-

196 999 310 1077 tialem,
323 1021 378 1061 seu
392 996 516 1060 dantem
531 995 665 1080 primum
680 1017 756 1075 esse,
767 1018 823 1080 per
837 1018 931 1080 quam
944 997 980 1060 fit
993 997 1125 1083 incapax
1134 998 1301 1084 recipiendi

197 1106 799 1175 novamformamsubstantialem:secus
808 1106 1299 1195 essesubstantiaeacoederetpos-

197 1223 417 1302 terius,etesse
428 1219 817 1303 accidentalepraecederet3
832 1218 916 1304 quod
927 1220 1162 1285 estabsnrdnm.
1186 1225 1220 1285 5⁰
1228 1222 1301 1307 quia

198 1335 360 1402 adversarii
375 1342 528 1418 coguntur
542 1332 631 1396 fateri
642 1331 770 1396 formam
782 1353 852 1417 quae
865 1332 979 1396 recedit
993 1334 1149 1406 amatoria
1162 1334 1301 1398 recedere

197 1472 252 1534 per
275 1446 519 1531 corruptionem
548 1443 631 1508 unde
657 1444 740 1528 apud
768 1442 838 1508 illos
860 1443 1003 1528 frequens
1032 1454 1079 1509 est
1108 1467 1183 1509 usus
1207 1446 1301 1510 huius

198 1559 345 1638 vocabuli,
361 1562 404 1622 ita
419 1569 455 1622 ut
469 1557 642 1643 promiscue
655 1556 761 1620 formae
780 1557 952 1620 materiales
970 1557 1164 1652 (sublunares
1178 1559 1297 1643 saltem)

199 1672 341 1736 dieantur
354 1672 445 1735 etiam
461 1669 566 1733 formae
580 1667 801 1752 corruptibiler.
846 1668 944 1753 Atqui
957 1668 1055 1733 forma
1075 1669 1151 1734 dans
1166 1671 1301 1755 primum

141 1795 147 1802 “
199 1805 264 1846 csse
284 1781 418 1845 materiae
440 1787 568 1844 nonest
588 1777 805 1863 corruptibilis.
847 1777 931 1862 Ergo
949 1779 1057 1859 forma,
1078 1802 1146 1865 quae
1165 1803 1300 1846 corrum-

199 1894 283 1980 pitur
298 1895 331 1957 in
352 1891 547 1976 generatione
563 1913 650 1956 novae
669 1890 861 1969 substantiae,
877 1889 944 1955 non'
963 1899 1010 1955 est
1029 1892 1127 1956 forma
1149 1893 1225 1958 dans
1239 1896 1301 1979 pri·

200 2029 286 2072 mum
306 2029 381 2070 esse.
426 2005 532 2068 Minor
551 2010 690 2081 constat;
711 2024 784 2065 nam
802 2003 938 2086 primum
957 2025 1033 2082 esse,
1048 2026 1103 2068 seu
1124 2000 1303 2090 simpliciter

199 2141 274 2200 esse,
290 2140 353 2182 non
368 2116 461 2181 habet
480 2123 593 2200 partes,
608 2135 662 2198 per
684 2135 760 2201 quas
780 2114 934 2198 corrumpi
954 2115 1060 2199 possit,
1077 2116 1186 2180 saltem
1206 2119 1232 2182 si
1247 2142 1302 2184 ens

200 2233 241 2297 sit
257 2230 396 2316 simplex.
441 2227 474 2292 Si
488 2249 558 2291 vero
573 2248 628 2290 ens
644 2226 683 2289 sit
703 2225 906 2310 compositum
921 2226 1120 2310 expertibus,
1136 2238 1211 2293 tunc
1226 2252 1303 2295 una·

200 2366 329 2430 quaeque
343 2339 414 2426 pars
429 2339 588 2404 actualiter
605 2338 737 2402 existens
757 2337 790 2401 in
808 2337 977 2421 composito
990 2337 1083 2403 habet
1097 2341 1216 2404 actuale
1238 2364 1304 2407 esse

201 2479 290 2522 suum
305 2453 464 2540 proprium
485 2451 664 2515 distinctum
686 2447 723 2514 ab
744 2471 810 2513 esse
831 2449 957 2514 aliarum
977 2451 1131 2534 partium
1153 2461 1184 2516 et
1199 2453 1242 2517 sic
1257 2463 1305 2519 tot

201 2575 274 2632 sunt
289 2574 376 2630 aetus
391 2561 542 2640 formales,
557 2560 686 2644 ideoque
700 2569 748 2624 tot
762 2559 876 2638 formae,
888 2569 964 2644 quot
978 2570 1090 2645 partes.
1126 2563 1176 2626 De
1191 2564 1304 2648 quibus

201 2678 345 2744 omnibus
373 2675 480 2738 formis
513 2671 715 2757 repetendum
744 2680 800 2751 est,
833 2672 917 2757 quod
951 2682 1108 2757 nequeunt
1139 2677 1302 2760 corrumpi.

203 2792 237 2856 Si
266 2789 343 2876 quid
370 2808 444 2871 ergo
476 2785 691 2869 corrumpitur,
724 2784 930 2869 corrumpitur
961 2807 1056 2849 nexus
1085 2786 1206 2867 virium,
1236 2811 1304 2874 quae

201 2904 338 2968 existunt
359 2902 393 2964 in
415 2898 594 2983 composito,
617 2897 649 2960 id
672 2905 718 2961 est
741 2897 953 2962 determinatio
975 2899 1114 2983 quaedam
1140 2900 1305 2966 adveniens

202 3024 272 3101 post
294 3015 408 3078 formas
430 3011 538 3075 dantes
560 3009 696 3094 primum
718 3032 792 3088 esse,
819 3018 850 3073 et
872 3010 985 3074 faciens
1006 3010 1068 3075 tale
1090 3013 1306 3097 compositum.

203 3129 239 3191 6⁰
261 3126 334 3212 quie
359 3125 458 3188 forma
483 3121 591 3205 prima,
614 3143 683 3205 quae
709 3120 832 3185 deberet
854 3121 887 3184 in
909 3122 1105 3205 generatione
1126 3123 1214 3189 alteri
1235 3148 1304 3190 suc·

203 3239 318 3316 cedere,
343 3234 465 3299 deberet
480 3231 570 3296 educi
592 3231 630 3296 de
651 3232 789 3316 potentia
804 3233 948 3313 materia,
963 3243 999 3297 ut
1014 3235 1197 3299 concedunt.
1243 3238 1304 3302 Sed

203 3349 342 3414 absolute
377 3329 565 3430 impossibile
599 3351 646 3408 est
682 3344 810 3409 educere
843 3344 973 3408 formam
1010 3345 1135 3410 dantem
1170 3348 1305 3432 primum

203 3483 269 3526 esse
298 3458 432 3522 materiae
461 3457 499 3522 de
523 3455 662 3540 potentis
691 3455 834 3535 materia,
863 3464 899 3519 ut
928 3464 1085 3527 ostensum
1114 3468 1160 3522 est
1188 3482 1221 3523 n.
1252 3464 1306 3526 32.

203 3572 288 3655 Ergo
317 3591 381 3633 non
411 3574 549 3631 mutatur
577 3566 675 3630 forma
712 3565 921 3630 substantialis
953 3566 986 3631 in
1015 3569 1220 3651 generatione.
1273 3576 1308 3637 7⁰

204 3683 286 3768 quia,
318 3679 437 3745 etiamsi
468 3678 600 3742 rationes
636 3677 795 3760 hueusque
831 3678 981 3757 adducta,
1016 3701 1083 3763 quae
1117 3690 1190 3746 snut
1222 3682 1307 3748 insu-

201 3793 362 3878 perabiles,
391 3789 509 3854 nullam
539 3788 600 3853 vim
630 3787 741 3852 habere
770 3800 1025 3873 supponerentur,
1048 3798 1152 3855 tamen
1181 3793 1308 3859 omnino

204 3905 324 3970 inutilis
338 3910 369 3967 et
384 3901 520 3986 gratuita
533 3908 613 3964 essct
632 3900 837 3983 generationis
851 3902 1011 3986 explicatio
1030 3924 1086 3986 per
1104 3905 1306 3971 mutationem

204 4017 311 4081 formae
333 4012 551 4078 substantialis.
598 4011 679 4074 Nam
698 4012 799 4076 multo
818 4013 947 4094 facilius,
968 4022 998 4077 et
1021 4014 1087 4079 sine
1106 4016 1170 4080 ullo
1187 4026 1307 4083 contra·¹

206 4126 348 4193 dictionis
370 4122 514 4209 periculo,
537 4121 704 4206 explicatur
725 4145 780 4208 per
801 4125 1002 4192 mutationem
1023 4126 1129 4191 formae
1149 4130 1308 4212 naturalis,

206 4241 245 4305 de
259 4261 321 4323 qua
335 4257 429 4321 supra
443 4256 473 4298 n.
490 4235 544 4296 40.
591 4231 650 4312 Sic,
667 4255 763 4317 quum
784 4242 904 4299 constet
918 4236 1000 4319 apud
1017 4236 1160 4323 physicos
1177 4239 1307 4322 (utinam

206 4351 281 4430 haec,
304 4357 335 4413 et
358 4346 468 4412 similia
493 4343 648 4409 novissent
671 4345 880 4429 peripatetici!
926 4345 1091 4412 Dedissent
1115 4348 1196 4412 enim
1220 4350 1309 4415 nobis
