3200 4984
218 422 288 467 err.
305 404 377 491 ιιι]
560 428 603 470 nn
620 428 825 473 ιιιιιιιιιιι
841 428 1020 473 οοιιιοιιιι.
1126 422 1129 429 ·
1259 414 1323 475 225

218 598 335 683 aliquas
350 598 428 663 vires
443 599 631 683 repulsivas3
655 600 737 686 quod
746 602 917 667 verificatur
931 603 969 667 de
980 602 1123 667 omnibus
1135 603 1320 686 corponbuS,

217 719 342 795 propter
364 734 471 775 eorum
496 713 649 777 relativam
676 714 1007 798 impenetrabilitatem.
1052 713 1141 778 Valet
1166 736 1239 798 ergo
1264 737 1320 798 pro

214 822 359 887 omnibus
374 823 572 907 corporibus3
596 824 650 889 sed
663 848 719 910 pro
735 825 862 890 diversis
873 824 992 889 casibus
1013 825 1138 889 effectus
1160 825 1319 891 sensibiles
1418 886 1421 891 .

216 941 361 1017 poterunt
377 957 442 998 esse
453 935 540 1001 valde
555 936 674 1016 diversi,
686 946 721 1000 ut
731 936 863 1000 fractura
874 936 906 999 in
917 959 1041 1022 corpore
1053 936 1130 1000 duro
1145 936 1256 1021 fragili,
1266 937 1319 1002 de-

216 1046 357 1110 formatio
371 1046 403 1110 in
420 1069 545 1132 corpore
559 1048 655 1127 molli,
667 1048 700 1111 in
712 1048 778 1113 aliis
787 1048 963 1133 perforatio,
972 1049 1005 1111 in
1017 1048 1084 1111 aliis
1094 1047 1246 1128 laceratio,
1258 1062 1316 1114 etc.

258 1158 362 1242 Atque
381 1158 424 1221 ita
443 1167 538 1243 patet,
553 1158 707 1243 quomodo
727 1159 793 1224 sinc
816 1158 880 1222 ulla
893 1159 924 1223 vi
937 1159 1058 1223 inertiae
1071 1158 1239 1243 explicetur
1252 1169 1318 1224 tota

215 1266 307 1332 series
322 1268 591 1354 pbaeuomenorum
607 1270 861 1354 supradictorum,
876 1293 945 1355 qnae
957 1270 1062 1333 omnia
1075 1270 1265 1335 reducuntur
1278 1273 1316 1336 ad

214 1381 521 1446 communicationem
536 1391 639 1446 motus
653 1381 740 1446 alteri
754 1382 865 1447 factam
880 1404 951 1445 oum
966 1383 1150 1445 extinctione
1161 1392 1215 1446 ant
1227 1381 1316 1446 dimi-

213 1490 342 1555 nutione
356 1501 459 1556 motus
473 1492 506 1556 in
521 1501 641 1577 agente.
681 1492 763 1557 Hinc
774 1494 867 1557 ctiam
878 1501 982 1557 manet
997 1493 1132 1556 solutum
1147 1492 1314 1578 problema,

213 1602 292 1667 circa
307 1602 389 1688 quod
405 1626 483 1689 saepe
497 1604 615 1689 physici
630 1604 792 1669 rationales
808 1604 1049 1688 disputaverunt,
1062 1605 1202 1687 qwmodo
1216 1627 1316 1688 nempe

213 1716 365 1798 quantitas
379 1724 474 1780 motus
487 1718 574 1781 unius
588 1719 825 1801 corporisposset
840 1718 966 1780 transire
980 1719 1013 1779 in
1026 1717 1112 1779 alind
1123 1739 1237 1800 corpas.
1268 1717 1315 1779 Ex

211 1825 303 1890 dictis
314 1826 396 1891 enim
406 1836 500 1912 patet,
511 1827 591 1891 hano
601 1829 798 1913 quaestionem
813 1829 968 1893 includere
978 1828 1090 1893 falsum
1102 1828 1293 1912 suppositum
1304 1856 1314 1906 ;

211 1938 285 2022 quia
298 1938 440 2004 velocitas
455 1962 516 2024 qua
530 1962 639 2026 corpus
655 1942 685 2003 A
701 1941 798 2004 fertur
813 1940 846 2003 in
861 1942 892 2003 Β
906 1962 970 2004 non
984 1941 1095 2005 transit
1109 1962 1165 2004 nec
1180 1939 1314 2004 totaliter

211 2072 268 2114 nec
282 2050 451 2134 partialiter
465 2074 501 2115 ex
515 2053 547 2114 A
561 2052 594 2115 in
610 2054 650 2130 B,
667 2052 719 2116 sed
734 2062 781 2115 est
796 2074 887 2116 causa
901 2052 996 2115 solius
1010 2051 1314 2136 appropinquationis

212 2162 335 2226 maioris
357 2163 405 2227 vel
428 2163 555 2229 minoris
578 2164 660 2228 inter
684 2164 849 2228 moleculas
875 2164 1006 2227 duorum
1032 2186 1193 2247 corporum
1205 2189 1215 2241 3
1245 2186 1313 2247 quae

209 2274 466 2360 appropinquatio
488 2287 535 2339 est
555 2275 688 2340 conditio
710 2276 929 2361 praerequisita,
945 2284 981 2337 ut
1001 2268 1157 2339 moleculae
1178 2275 1313 2358 corporis

211 2386 243 2448 Α
258 2386 376 2470 possint
398 2386 517 2452 actione
538 2410 593 2451 sua
612 2387 763 2471 repulsiva
785 2388 918 2452 naturali
942 2389 1017 2469 (non
1037 2398 1139 2450 autem
1155 2386 1313 2450 velocitate

208 2498 277 2581 sua)
297 2521 458 2583 provocare
471 2499 583 2564 virium
606 2499 827 2584 repulsivarum
845 2521 914 2583 quae
928 2508 1002 2561 sunt
1016 2498 1049 2561 in
1064 2500 1095 2561 Β
1110 2498 1310 2562 reactionem:

210 2609 274 2674 hac
289 2611 400 2675 reactio
414 2620 445 2675 et
459 2612 573 2675 minuit
588 2621 707 2675 motum
722 2609 806 2694 globi
815 2614 857 2688 A,
872 2620 904 2673 et
918 2620 1022 2673 causat
1037 2618 1156 2673 motum
1171 2608 1254 2692 globi
1268 2610 1312 2688 Β,

209 2731 245 2785 ut
260 2744 352 2807 supra
366 2722 590 2808 explicavimus.

254 2832 346 2910 Quod
359 2844 462 2900 autern
478 2835 588 2898 attinet
603 2835 642 2899 ad
656 2837 713 2899 vim
731 2838 853 2914 inertia,
869 2856 930 2919 quo
947 2835 1072 2898 nomine
1092 2833 1209 2920 physici
1229 2854 1310 2895 eom-

208 2945 388 3011 manissime
400 2956 541 3026 utuntur,
552 2948 578 3011 si
589 2947 783 3012 retinendum
799 2952 850 3026 sit,
864 2946 1035 3011 definienda
1049 2946 1107 3009 erit
1122 2946 1186 3009 haec
1197 2946 1242 3009 ιιι
1256 2944 1309 3022 ιιι,

209 3068 245 3121 ut
264 3068 394 3143 nequeat
415 3081 485 3122 cum
506 3060 679 3143 passivitate
701 3060 834 3123 materia
855 3058 1011 3123 conlundi.
1056 3057 1124 3121 Erit
1143 3058 1247 3142 itaque
1264 3058 1310 3120 ιιι
1389 3057 1393 3065 ’

208 3169 324 3235 inertiae
332 3175 489 3235 renitentia
499 3174 630 3255 corporis
640 3172 681 3235 ad
692 3172 862 3235 mutandam
875 3180 994 3249 etatum,
1007 3192 1070 3234 non
1084 3171 1117 3233 in
1131 3169 1190 3233 hoc
1205 3190 1307 3246 sensu,

207 3282 291 3366 quod
305 3305 410 3366 corpus
424 3304 478 3366 per
492 3282 624 3366 aliquam
636 3282 696 3345 vim
712 3282 831 3345 nitatur
844 3303 908 3345 non
921 3291 1041 3345 mutare
1056 3282 1149 3344 locum
1160 3282 1192 3343 in
1199 3280 1307 3361 spatio,

208 3401 239 3457 et
253 3392 374 3457 resistat
389 3392 486 3456 motui
501 3392 718 3470 translationis,
735 3393 789 3455 sed
808 3392 842 3455 in
860 3393 918 3456 hoc
940 3415 1042 3470 sensu,
1057 3390 1141 3476 quod
1162 3391 1307 3454 molente

207 3506 333 3569 eimdem
347 3506 476 3589 eorporis
489 3526 543 3588 per
552 3504 639 3583 vires,
650 3504 761 3589 quibus
777 3528 809 3568 se
824 3504 953 3568 invicem
968 3512 1085 3583 tenent,
1100 3506 1234 3567 nitantur
1248 3524 1306 3564 non

206 3623 321 3679 mutare
333 3616 485 3679 relativam
494 3617 671 3699 positionem
685 3638 775 3699 quarn
789 3617 896 3680 hubent
915 3618 947 3678 in
969 3637 1097 3699 comere,
1113 3623 1144 3678 et
1163 3613 1306 3678 resistant

207 3726 305 3790 motui
330 3726 567 3791 deformationis.
613 3726 704 3791 Unde
727 3737 808 3791 recte
832 3727 950 3791 dicetur
963 3727 1008 3790 vis
1026 3726 1142 3791 inertiae
1169 3748 1233 3789 esse
1255 3746 1305 3787 re·

189 3902 191 3906 ,
207 3840 332 3903 nitentia
340 3840 544 3904 molecularnm
552 3842 638 3904 nnius
646 3842 776 3924 corporis
787 3841 1002 3904 udmntnndnm
1010 3841 1165 3904 relationes
1179 3847 1305 3902 mutuas.

208 3950 333 4015 sivero
358 3973 471 4015 nomen
496 3954 540 4015 oia
564 3954 676 4016 inertiae
699 3952 883 4030 eliminetur,
898 3951 962 4016 baec
986 3952 1091 4016 eadem
1116 3951 1161 4015 ιιι
1187 3950 1305 4015 dicetur

206 4072 286 4127 recte
300 4068 345 4127 vis
359 4066 575 4146 compositionis
589 4064 635 4128 vel
649 4066 693 4128 cis
706 4073 877 4129 structura:
902 4074 947 4127 est
961 4064 1044 4128 enim
1059 4063 1104 4128 vis
1119 4085 1180 4147 qua
1194 4084 1305 4146 corpus

206 4174 456 4258 compositionem
479 4183 510 4238 et
534 4184 718 4239 structuram
744 4197 830 4239 suam
856 4198 1032 4239 conservare
1060 4175 1170 4238 nititur
1198 4183 1306 4238 contra

207 4288 339 4351 actiones
362 4286 399 4351 ab
422 4288 608 4351 extrinseco:
632 4298 662 4351 et
685 4287 744 4351 dici
767 4288 866 4351 adhuc
884 4288 996 4372 poterit
1011 4291 1056 4351 vis
1070 4289 1303 4363 commotionis,

207 4398 244 4479 ob
260 4397 397 4465 eamdem
413 4420 542 4463 causam.
1032 4398 1035 4401 ’

1110 4529 1132 4580 Q
