3200 4984
317 416 381 479 258
677 432 720 476 nn
736 430 857 476 rnrnos
872 427 1064 475 concisore.
1285 410 1369 495 [can.
1386 430 1410 475 1.

317 611 422 681 tatem,
438 622 505 686 qnoe
522 598 730 684 independens
753 608 799 663 est
822 597 923 683 quoad
940 618 973 662 se
990 596 1029 661 ab
1047 596 1132 661 omni
1145 597 1328 676 ubicatione,
1343 595 1413 660 licet

318 721 448 800 nequeat
473 736 491 778 a
516 712 605 776 nobis
628 710 756 796 concipi,
772 710 833 774 uisi
857 709 1021 794 cogitando
1044 709 1203 795 possibiles
1227 710 1414 774 ubicationes

317 826 463 890 infinitas.

362 938 510 1001 Praeterea
532 934 661 999 circulus
676 934 802 997 vitiosus
824 942 899 997 tuuc
921 933 1042 1017 proprie
1062 933 1164 997 locum
1185 933 1277 997 habet
1290 933 1325 996 in
1341 932 1414 997 defiss

319 1050 444 1127 nitione,
460 1046 582 1133 quando
608 1046 692 1109 notio
718 1046 824 1129 ignota
848 1067 902 1130 per
925 1045 1055 1108 similem
1081 1068 1166 1131 aeque
1184 1046 1320 1129 ignotam
1340 1046 1414 1109 defi·

320 1162 422 1225 nitur:
449 1158 570 1244 quando
591 1166 694 1221 autem
716 1158 820 1242 agitur
840 1156 879 1221 de
900 1156 1077 1221 notionibus
1098 1157 1323 1235 communibus,
1346 1163 1415 1242 quae

199 1298 204 1307 ·
318 1282 390 1337 ente
415 1293 537 1337 omnem
563 1269 769 1334 definitionem
793 1270 853 1332 iam
876 1268 1102 1353 intelliguntur,
1122 1269 1243 1333 nullum
1266 1279 1313 1333 est
1336 1270 1415 1353 peri-

319 1384 423 1449 culum
438 1381 562 1446 circuli:
586 1390 617 1445 et
632 1380 752 1459 sufficit,
767 1387 804 1444 ut
819 1378 965 1459 definitio,
981 1380 1028 1443 vel
1044 1379 1217 1464 descriptio,
1233 1402 1300 1465 quae
1315 1380 1417 1458 datur,

319 1494 566 1560 convenietcum
588 1515 624 1556 eo
646 1491 811 1576 quodiam
836 1491 994 1555 intellectu
1015 1492 1239 1575 apprehensum
1261 1500 1317 1555 est.
1363 1491 1416 1556 Sic

319 1606 459 1683 dicimus,
474 1628 524 1669 cres
539 1627 603 1668 esse
618 1604 652 1667 id
663 1605 742 1687 qood
759 1612 813 1681 eet,
828 1613 859 1666 et
881 1601 1066 1687 explicamus
1086 1602 1292 1667 extensionem
1312 1613 1417 1667 motus

319 1740 373 1802 per
386 1725 516 1801 tempus,
534 1716 737 1779 extensionem
753 1714 897 1798 temporis
911 1721 1109 1797 permotum,
1125 1722 1155 1776 et
1176 1713 1264 1797 plura
1286 1713 1418 1792 similia;

320 1850 375 1892 uec
393 1826 461 1890 ideo
479 1827 516 1889 fit
535 1825 667 1890 circulus
682 1825 819 1903 vitiosus,
835 1824 906 1909 quia
927 1825 992 1887 haec
1013 1832 1240 1908 cognoscuntur
1253 1834 1419 1909 antequam

320 1939 512 2005 definiantur.
558 1938 646 2002 Idem
675 1960 748 2021 ergo
777 1937 837 2001 dici
866 1944 966 2020 potest
995 1936 1034 1999 de
1063 1936 1171 2020 spati0,
1195 1935 1278 2022 quod
1302 1937 1419 2020 optime

321 2052 542 2137 cognoscimus,
559 2051 664 2114 saltem
680 2059 771 2135 prout
787 2049 970 2113 sensibiliter
983 2049 1117 2133 percmm'
1131 2056 1241 2133 potest,
1253 2057 1418 2133 antequam

321 2165 387 2229 eius
403 2162 608 2228 definitionem
624 2161 793 2225 audiamus.

362 2277 510 2340 Praeterea
524 2296 591 2359 quae
606 2273 720 2337 habent
735 2280 875 2337 mutuam
891 2272 1068 2337 relationem
1082 2281 1211 2357 possunt
1226 2272 1292 2335 sine
1306 2272 1419 2335 circulo

322 2389 430 2454 vitioso
450 2386 591 2471 explicari
612 2408 646 2449 ac
666 2385 784 2449 definiri
805 2406 903 2447 unum
925 2407 980 2469 per
994 2384 1096 2448 allude
1118 2392 1154 2448 ut
1169 2384 1195 2447 si
1209 2384 1292 2448 dices
1299 2393 1420 2467 potrcrn

322 2523 387 2565 esse
408 2500 461 2585 qui
482 2498 574 2564 habet
596 2498 704 2576 filium,
720 2504 751 2561 et
767 2496 866 2581 filium
887 2519 953 2559 esse
974 2497 1028 2581 qui
1045 2495 1137 2559 hahet
1151 2504 1278 2580 patrem.
1324 2496 1419 2574 Nam,

322 2636 417 2698 quum
446 2612 551 2676 relatio
574 2608 765 2693 paternitatis
791 2607 972 2670 terminetur
995 2606 1034 2671 ad
1057 2606 1166 2686 filium,
1185 2616 1216 2670 et
1236 2606 1341 2670 relatio
1359 2606 1420 2669 fili-

322 2723 432 2787 ationis
456 2722 495 2785 ad
519 2729 648 2805 patrem,
674 2740 795 2782 necesse
821 2726 868 2781 est
890 2740 988 2781 unum
1015 2740 1069 2802 per
1093 2717 1177 2781 eliud
1202 2718 1322 2801 exponi.
1368 2718 1420 2781 Sic

323 2834 419 2917 igitur
432 2833 524 2898 etiam
539 2830 724 2915 possibilitas
739 2829 947 2893 ubicationum
962 2837 993 2893 et
1007 2829 1139 2893 ubicatio
1152 2830 1320 2893 terminans
1334 2830 1420 2893 illam

322 2943 553 3031 possibilitatem
577 2949 706 3025 possunt
727 2940 793 3004 sine
810 2939 924 3004 circulo
938 2941 1047 3004 vitioso
1065 2963 1097 3004 se
1116 2940 1245 3004 invicem
1260 2940 1418 3025 explicare.

324 3055 412 3120 Idem
421 3076 542 3140 quoque
551 3052 669 3130 accidit,
679 3051 802 3135 quando
817 3074 915 3115 sermo
930 3060 976 3115 est
985 3051 1022 3115 dc
1033 3052 1159 3115 materia
1167 3060 1198 3116 et
1206 3052 1303 3117 forma
1315 3080 1323 3115 ι
1346 3077 1421 3118 nam

326 3167 450 3232 materia
470 3166 614 3229 definitur
635 3186 712 3248 pura
732 3164 940 3248 potentialitas
956 3171 1053 3243 actus,
1073 3164 1170 3228 forma
1183 3187 1254 3229 vero
1276 3165 1422 3231 definitur

325 3286 410 3343 setus
425 3278 542 3361 primus
557 3273 709 3338 materiae:
732 3296 788 3337 nec
802 3274 871 3340 ideo
885 3275 1088 3339 committitur
1102 3275 1232 3340 circulus
1246 3275 1382 3341 vitiosus.

368 3387 503 3453 Tandem
518 3385 621 3450 nullus
636 3384 736 3449 adhuc
750 3385 951 3471 philosophus
965 3386 1049 3450 dedit
1064 3386 1270 3451 definitionem
1285 3388 1420 3473 aliquam

326 3500 417 3585 spatii
431 3499 598 3564 formaliter
613 3497 738 3582 accepti,
754 3498 788 3560 in
802 3520 864 3582 qno
877 3498 1095 3582 praescindatur
1109 3499 1147 3563 ab
1167 3499 1349 3581 obiectione,
1363 3525 1421 3566 nec

325 3610 533 3677 definitionem
557 3608 748 3688 ubicationir,
769 3630 840 3695 quae
865 3631 928 3672 non
953 3608 1083 3693 pendeat
1110 3633 1128 3673 a
1150 3620 1299 3696 conceptu
1318 3614 1417 3697 spatii.

326 3724 367 3789 Et
380 3724 438 3788 hoc
449 3731 496 3787 est
510 3721 633 3787 evidens
644 3722 776 3801 signum,
788 3720 871 3805 quod
884 3720 950 3785 haec
964 3720 1026 3785 duo
1036 3742 1073 3785 ex
1086 3729 1196 3786 nature
1206 3723 1250 3786 rei
1263 3725 1421 3808 postulant

328 3834 457 3903 describi
470 3856 568 3898 unum
583 3856 637 3917 per
651 3831 744 3896 aliud.

372 3949 424 4012 18.
447 3945 603 4023 Quaeritur
624 3954 739 4023 octavo,
761 3952 862 4007 utrum
883 3945 1035 4026 quantitas
1058 3944 1205 4009 dotorum
1225 3955 1363 4030 ecurrpct
1384 3970 1421 4013 cc

199 4060 203 4067 “
327 4080 438 4123 samm
452 4058 660 4135 ubicationum,
672 4077 736 4138 quc
744 4054 902 4138 possibiles
914 4063 982 4118 suat
996 4056 1076 4118 intro
1090 4055 1174 4120 datos
1189 4059 1334 4121 terminos.

372 4168 554 4252 Respondeo
576 4165 726 4250 negative.
781 4165 864 4228 Nam
888 4167 922 4228 1⁰
944 4165 970 4229 si
991 4166 1145 4250 quantitas
1170 4166 1323 4233 distentiae
1350 4192 1421 4234 con-

330 4279 507 4344 stitueretur
521 4295 574 4363 per
588 4278 680 4342 talem
694 4298 856 4356 summum,
866 4286 1050 4362 sequeretur,
1061 4300 1167 4342 omnes
1182 4279 1342 4345 distantias
1356 4305 1420 4346 esse

330 4388 465 4452 infinitas
474 4414 484 4466 ς
509 4387 581 4473 quia
600 4386 678 4451 datis
698 4387 819 4452 duobus
837 4387 976 4451 terminis
997 4388 1239 4475 quibuscumque
1259 4391 1419 4473 distinctis,
