3200 4984
282 348 343 413 162
581 368 624 413 nu
640 368 843 414 sucessuum
857 368 1040 413 consonus.
1232 348 1319 432 [car.
1336 367 1375 409 11.

280 532 370 599 Prob.
385 540 449 599 aut.
494 533 657 619 Repugnat
680 533 741 599 duo
762 534 914 599 elementa
933 533 1079 599 habentia
1093 533 1155 598 vim
1174 533 1209 597 in
1232 532 1376 597 distantia

278 645 476 711 infiniterima
493 643 644 711 infinitam
664 656 696 711 et
715 647 922 732 pervenientia
940 645 979 710 ad
998 653 1185 726 contactum,
1200 644 1309 710 deinde
1328 664 1376 708 se-

278 756 386 842 parari.
431 756 513 821 Nam
527 756 673 823 vincenda
691 766 772 823 esset
791 757 836 822 vis
854 757 985 837 infinita,
1005 780 1068 844 qua
1086 779 1119 822 se
1137 764 1264 835 teuent;
1285 764 1316 821 et
1330 754 1375 820 vis

278 867 399 933 infinita
423 866 504 933 vinci
531 868 647 953 nequit.
691 869 738 933 Ac
762 876 907 954 praeterea
935 870 1062 933 materia
1088 871 1182 933 unius
1211 867 1376 952 opponitur

279 979 452 1064 progressui
466 978 747 1045 alteriusmateriar.
1317 972 1320 977 ’

323 1091 505 1176 Respcudco
520 1115 550 1156 c.
572 1100 633 1157 cert.
656 1090 696 1155 ad
716 1090 802 1177 proh.
825 1092 894 1156 dist.
916 1100 978 1155 cert.
1023 1091 1057 1155 Si
1080 1090 1141 1156 duo
1161 1090 1214 1156 illa
1227 1089 1376 1155 elementa

280 1211 492 1289 supponantur
512 1203 546 1267 in
567 1202 674 1268 eodem
695 1212 800 1268 centro
825 1202 1011 1288 quiescentia
1031 1226 1057 1268 c.
1079 1212 1141 1268 out.
1187 1202 1221 1267 Si
1241 1202 1294 1266 illa
1315 1201 1376 1266 duo

280 1314 429 1380 elementa
442 1316 618 1400 pertingant
633 1314 673 1379 ad
686 1324 825 1379 centrum
845 1337 916 1379 cum
929 1314 1087 1381 velocitate
1108 1314 1209 1400 aliqua
1230 1314 1377 1399 acquisita

279 1450 310 1491 rr.
322 1436 384 1492 cat.
396 1429 498 1493 eteius
510 1430 666 1493 rationem.
699 1427 779 1492 Nam
792 1427 978 1493 elementum
991 1427 1145 1494 materiale
1155 1428 1189 1491 iu
1204 1448 1260 1491 suo
1274 1434 1378 1491 centro

280 1558 345 1602 uon
365 1544 412 1602 est
433 1538 575 1617 activum,
598 1545 634 1603 ut
655 1560 748 1624 supra
769 1538 973 1624 probavimus,
995 1539 1068 1625 quia
1088 1540 1168 1603 actio
1188 1538 1378 1616 locomotiva,

281 1670 379 1735 quum
389 1649 489 1735 exiget
500 1648 705 1729 directionem,
714 1650 850 1736 postulat
861 1650 969 1715 saltem
980 1650 1042 1715 duo
1052 1659 1167 1735 puncta
1177 1649 1331 1729 distincta,
1346 1657 1376 1713 et

278 1769 500 1847 cousequenter
514 1761 708 1827 distantiam:
731 1785 798 1847 quae
813 1772 916 1827 autem
930 1771 1004 1827 suut
1018 1763 1051 1827 in
1065 1763 1172 1828 eodem
1185 1771 1301 1848 puncto
1312 1782 1376 1826 non
1497 1804 1501 1809 -

281 1881 355 1938 sunt
375 1874 414 1939 ad
433 1873 629 1954 distantiam3
652 1883 683 1939 et
697 1874 740 1939 sic
754 1898 845 1959 agere
857 1875 891 1939 iu
906 1875 1035 1940 invicem
1054 1897 1118 1939 nou
1137 1883 1280 1960 possunt.
1323 1874 1377 1939 In-

281 2004 373 2071 super
386 2008 450 2050 ncn
464 2007 625 2071 possumus
644 1987 801 2071 concipere
820 1987 970 2053 actionem
989 1987 1144 2067 motivam,
1164 1987 1225 2052 uisi
1238 1994 1275 2051 ut
1294 2008 1377 2051 exer·

279 2095 373 2163 citam
388 2096 420 2161 iu
432 2096 534 2183 aliquo
545 2105 691 2182 tempore,
707 2106 875 2184 utcumque
888 2098 1024 2163 minimo.
1056 2097 1091 2163 Si
1104 2121 1178 2184 ergo
1192 2106 1379 2163 exerceretur

280 2208 333 2273 illa
343 2208 389 2274 vis
402 2208 522 2274 infinite
539 2208 582 2294 (in
597 2231 690 2274 sensu
704 2209 928 2291 mathematico,
938 2220 976 2274 ut
990 2233 1082 2295 supra
1095 2210 1296 2290 ostendimus,
1309 2209 1379 2273 iufi-

280 2321 358 2406 nita)
380 2321 455 2386 dum
475 2344 573 2386 uuum
594 2320 779 2387 elementum
801 2322 912 2387 transit
933 2344 988 2408 per
1008 2322 1102 2401 aliud,
1124 2329 1277 2406 oporteret
1295 2322 1329 2385 in
1343 2342 1379 2386 eo

280 2433 414 2497 transitu
441 2432 556 2498 insumi
589 2432 712 2519 aliquod
740 2440 873 2517 tempus.
912 2432 989 2511 Sed,
1019 2432 1092 2518 quia
1123 2441 1290 2517 utrumque
1319 2431 1378 2495 ele-

281 2552 420 2609 mentum
440 2543 525 2609 omui
544 2551 624 2609 caret
643 2544 827 2623 extensione,
849 2552 881 2607 et
902 2551 1069 2623 contactus,
1088 2543 1143 2629 qui
1167 2550 1214 2607 est
1233 2542 1304 2606 finis
1325 2564 1378 2627 ap·

280 2654 514 2739 propinquandi,
530 2654 729 2718 confunditur
742 2654 864 2719 realiter
876 2676 947 2719 cum
961 2662 1114 2733 contactu,
1126 2653 1180 2739 qui
1195 2662 1242 2718 est
1255 2652 1379 2719 initium

280 2766 440 2832 recedendi
448 2792 458 2846 ς
480 2766 549 2831 ideo
563 2766 711 2831 transitus
729 2775 849 2831 recusat
862 2766 929 2830 fieri
942 2787 998 2851 per
1009 2774 1143 2851 tempus,
1158 2765 1212 2830 sed
1224 2766 1261 2829 fit
1275 2788 1378 2830 ueces-

281 2878 360 2943 sario
379 2877 412 2942 iu
430 2877 559 2942 instanti
580 2877 719 2943 absolute
740 2877 928 2957 indivisibili,
951 2876 1034 2963 quod
1055 2886 1102 2942 est
1122 2878 1208 2942 limes
1222 2878 1378 2963 temporis,

281 3012 336 3056 seu
357 2990 435 3055 nihil
455 2990 610 3075 temporis.
664 2991 748 3075 Ergo
770 2989 890 3055 nullum
913 2997 960 3054 est
979 2997 1103 3075 tempus
1124 2989 1218 3055 etiam
1245 2990 1379 3054 infinite-

295 3102 404 3182 imum,
426 3102 460 3166 in
482 3124 543 3189 quo
561 3125 661 3168 unum
684 3102 802 3167 dicatur
823 3102 953 3167 transire
971 3124 1027 3187 per
1045 3101 1147 3181 aliud,
1169 3124 1243 3186 ergo
1256 3101 1378 3166 nullum

281 3222 328 3279 est
342 3224 474 3301 tempus,
488 3215 521 3279 in
537 3237 598 3300 quo
613 3223 785 3280 exerceatur
799 3215 877 3279 actio
892 3214 944 3278 illa
957 3213 1169 3278 mathematice
1182 3214 1312 3279 infinite.

326 3325 454 3391 Sublato
469 3326 564 3411 igitur
578 3326 663 3391 omui
677 3326 788 3391 effectu
797 3326 907 3391 virium
919 3325 1030 3411 inipso
1044 3332 1196 3404 contactu,
1207 3347 1271 3390 non
1281 3344 1378 3390 rema·

281 3448 357 3505 nent
374 3438 435 3503 nisi
451 3439 624 3504 velocitates
646 3438 801 3524 acquisitae
822 3446 894 3503 ante
915 3445 1099 3517 contactum,
1122 3460 1191 3523 quae
1211 3437 1379 3502 necessario

282 3549 505 3616 continuabunt
535 3550 668 3614 animare
702 3548 852 3614 elementa
880 3558 951 3634 post
983 3571 1151 3627 occursum,
1187 3546 1283 3614 donec
1311 3571 1379 3614 suc·

279 3663 402 3728 cessivis
416 3661 669 3728 retardationihus
683 3662 910 3746 extinguantur,
925 3671 961 3725 ut
976 3660 1092 3726 dictum
1106 3668 1163 3726 est.

323 3775 474 3841 Velocites
488 3783 590 3839 autem
601 3773 653 3838 illa
663 3772 876 3838 mathematice
890 3773 1019 3853 infinita,
1035 3795 1103 3858 quae
1113 3772 1147 3837 in
1157 3772 1223 3858 ipso
1238 3781 1381 3838 contactu

280 3879 565 3972 appropinquativc'
576 3884 691 3970 acquiri
712 3883 834 3963 dicitur,
854 3884 881 3948 si
899 3884 1074 3969 acquiritur,
1096 3883 1236 3970 perditur
1253 3884 1288 3948 in
1307 3906 1379 3949 con·

280 4007 365 4064 tectu
386 3998 541 4075 recessim,
562 3996 615 4081 qui
636 4005 682 4061 est
701 3995 822 4061 realiter
839 3994 921 4060 idem
943 4018 1013 4060 cum
1036 3996 1326 4082 appropinquativ03
1348 4005 1379 4061 et

281 4109 325 4173 sic
345 4109 382 4173 fit
403 4108 543 4173 velocitas
569 4106 702 4171 effective
726 4106 822 4185 nulla,
840 4107 917 4193 quia
941 4129 1100 4192 uunquam
1121 4115 1186 4186 est;
1208 4130 1281 4173 nam
1302 4108 1379 4173 ratio

281 4219 504 4298 mathematica,
529 4241 597 4303 quae
626 4217 790 4303 distinguit
819 4219 899 4283 inter
927 4219 1019 4283 finem
1047 4219 1323 4306 appropinquandi,
1348 4230 1379 4286 et

281 4330 405 4395 initium
419 4329 588 4409 recedendi,
604 4329 774 4395 considerat
788 4330 915 4396 unicum
931 4338 1083 4415 punctum
1097 4330 1177 4396 reale
1192 4330 1249 4396 sub
1264 4330 1379 4416 duplici
