3200 4984
294 370 357 433 106
619 392 661 435 oa
678 392 881 437 suasurum
898 392 1079 437 consonas.
1268 371 1354 454 [car.
1372 390 1395 433 1.

336 557 519 643 Respondeo
551 559 688 624 infinitas
721 558 933 639 virtualitates,
963 560 1034 624 licet
1064 580 1082 623 a
1111 556 1199 621 nobis
1229 558 1272 621 sic
1302 557 1397 623 deno·

133 663 142 684 ⁰
210 677 213 684 ’
292 670 449 735 minentur
463 672 496 735 in
511 670 622 756 plurali
636 680 762 757 propter
776 672 912 737 infinitas
926 671 1115 736 ubicationcs
1130 668 1316 754 cogitabiles,
1331 692 1396 733 non

291 791 395 847 tamen
409 784 594 849 constituere
608 783 853 863 multitudinem,
875 784 929 848 sed
944 790 1067 847 tantum
1085 782 1234 866 respicere
1253 781 1396 846 multitu-

292 895 394 959 dinem
424 894 635 973 terminorum,
661 918 679 959 a
708 895 821 980 quibus
847 895 1013 961 extrinsece
1041 893 1231 959 denominari
1257 904 1396 978 possunt.

293 1006 343 1069 sic
364 1005 538 1071 intellectus
557 1027 621 1069 non
642 1012 688 1069 est
708 1005 877 1070 multitudo
899 1005 1103 1090 cognitorum,
1123 1005 1194 1069 licet
1210 1003 1321 1069 habeat
1336 1006 1397 1069 vir-

291 1115 474 1193 tualitatem‚
490 1115 659 1180 secundum
682 1138 775 1201 qnam
798 1116 1014 1179 denominatur
1033 1114 1268 1199 cognoscimus,
1284 1138 1302 1178 a
1316 1114 1397 1179 mul-

291 1224 425 1290 titudine
439 1226 628 1292 obiectorum
643 1226 837 1310 cognitorum
854 1235 907 1290 aut
923 1225 1186 1310 cognoscibilium.

335 1338 467 1422 Insuper
490 1337 530 1401 ad
554 1337 640 1402 aliud
665 1337 747 1421 quod
772 1336 906 1415 additur,
933 1347 1067 1416 notetur,
1093 1337 1177 1423 quod
1206 1338 1341 1422 primum
1365 1346 1396 1403 et

292 1448 435 1514 ultimum
452 1471 514 1513 non
530 1458 604 1512 sunt
619 1449 651 1512 in
666 1448 719 1512 illa
737 1448 923 1513 virtualitate
944 1448 1033 1533 spatii
1048 1448 1190 1529 absoluti,
1206 1449 1258 1514 sed
1275 1458 1348 1513 sunt
1364 1450 1397 1512 in

291 1561 358 1645 ipso
373 1559 488 1639 mobili,
510 1569 602 1644 prout
624 1559 663 1623 ad
683 1560 817 1643 spatium
835 1558 940 1638 relato,
961 1560 1034 1643 quia
1055 1569 1128 1623 sunt
1150 1560 1250 1645 prima
1264 1560 1397 1624 ubicatio

291 1672 374 1736 unde
388 1671 496 1755 incipit
510 1679 624 1748 motus,
640 1680 670 1734 et
685 1670 795 1734 ultima
810 1670 944 1735 ubicatio
959 1668 1014 1733 ubi
1035 1679 1137 1733 motus
1153 1669 1274 1734 desinit.
1319 1670 1396 1733 Ubi-

292 1783 372 1847 catio
387 1792 490 1846 autem
505 1791 551 1846 est
567 1782 647 1845 entis
661 1781 793 1861 mobilis,
810 1804 873 1845 non
889 1782 980 1866 spatii
995 1780 1138 1846 absoluti.

335 1894 471 1957 Tandem
495 1892 606 1957 falsum
633 1901 691 1971 est,
715 1892 798 1977 quod
824 1891 996 1977 requiratur
1021 1891 1066 1956 vis
1088 1892 1219 1957 infinita.
1264 1892 1347 1956 Nam
1371 1894 1397 1956 si

291 2006 361 2090 quis
384 2004 469 2085 dicit,
486 2012 577 2089 prout
600 2004 633 2067 in
655 2002 835 2083 obiectione,
851 2002 1052 2067 virtualitates
1068 2001 1146 2080 illas,
1167 2024 1240 2087 quae
1261 2002 1397 2066 mediant

291 2118 372 2181 inter
393 2125 527 2197 extrema
549 2123 664 2200 puncta
686 2113 778 2199 spatii
799 2112 944 2198 percussi,
966 2135 1032 2176 esse
1053 2112 1199 2191 infinitas,
1220 2113 1272 2176 ille
1289 2114 1396 2177 eodem

292 2230 356 2294 iure
378 2228 467 2294 fateri
490 2226 612 2291 deberet
635 2225 718 2311 quod
740 2224 943 2288 virtualitates
966 2222 1146 2301 durationis,
1170 2245 1238 2307 quae
1261 2224 1397 2288 mediant

290 2341 371 2404 inter
385 2340 507 2404 initium
522 2347 554 2401 et
567 2339 660 2401 finem
676 2335 833 2419 temporis,
850 2355 910 2418 quo
922 2334 1051 2399 efficitur
1066 2342 1179 2413 motus,
1195 2343 1268 2397 sunt
1283 2334 1397 2418 pariter

289 2452 427 2516 infinitae.
471 2450 530 2518 Vel
544 2471 616 2533 ergo
631 2449 751 2513 dicetur
764 2447 902 2531 percurri
917 2445 1052 2509 infinitas
1067 2444 1291 2509 virtualitatum
1307 2447 1397 2531 spatii

289 2564 372 2627 intra
386 2562 517 2627 similem
532 2560 716 2624 infinitatem
737 2556 959 2623 virtualitatum
980 2555 1160 2634 durationis,
1176 2564 1207 2619 et
1222 2564 1297 2619 tnnc
1311 2555 1398 2620 nullo

290 2674 381 2739 modo
402 2674 573 2758 requiretur
593 2671 638 2734 vis
661 2669 782 2734 infinita
792 2694 802 2747 3
825 2666 873 2732 vel
895 2666 1008 2751 potius,
1030 2666 1102 2750 quia
1121 2664 1322 2730 virtualitates
1337 2666 1398 2731 illae

288 2809 352 2850 non
375 2786 510 2849 efficiunt
533 2782 668 2868 aliquam
691 2778 934 2855 multitudinem,
960 2776 1123 2841 dicendum
1148 2785 1196 2841 est
1220 2777 1398 2862 simpliciter

290 2896 423 2980 spatium
452 2894 576 2957 finitum
610 2892 715 2975 (habet
744 2890 827 2954 enim
858 2890 991 2973 primum
1023 2897 1054 2953 et
1084 2887 1229 2952 ultimum
1259 2890 1395 2973 relativa)

288 3006 424 3093 percurri
440 3016 576 3091 tempore
590 3004 699 3068 finito:
723 3001 763 3065 ad
778 3000 862 3085 quod
878 3000 990 3064 sufficit
1004 3000 1140 3084 prolecto
1154 3000 1200 3065 vis
1214 3000 1311 3065 finita.

332 3122 385 3183 22.
412 3120 540 3182 Ohiieies
562 3119 606 3181 6⁰.
625 3139 662 3180 ex
684 3114 879 3199 ephemeride
904 3112 1013 3177 civitat
1033 3112 1171 3177 cattolico
1196 3112 1340 3196 (fascicul.
1363 3118 1396 3177 4.

289 3231 366 3296 febr.
398 3232 484 3294 1860
509 3238 539 3294 et
563 3230 653 3313 seq),
677 3234 811 3313 syntoma
835 3225 1055 3307 elementorum
1080 3223 1261 3307 simplicium
1286 3223 1398 3287 habere

288 3349 420 3427 quatuor
448 3339 652 3417 incommoda,
683 3345 808 3424 propter
839 3357 910 3421 quae
941 3336 1067 3399 omnino
1096 3334 1266 3421 derelinqui
1294 3335 1395 3400 debet.

195 3442 198 3448 ¹
289 3454 370 3516 Sunt
385 3460 488 3517 autem
502 3452 567 3516 haec
584 3456 617 3515 1⁰
633 3452 712 3535 qaod
723 3452 827 3515 evertit
842 3450 925 3513 bases
939 3449 1116 3513 matheseos:
1133 3450 1168 3513 2ο
1183 3450 1262 3533 qaod
1273 3450 1398 3513 destruit

287 3565 451 3629 realitatem
464 3565 660 3628 extersionis:
684 3564 719 3625 3⁰
735 3562 816 3646 qood
827 3560 954 3624 uoluitur
962 3582 1021 3643 per
1035 3561 1175 3623 circulum
1188 3562 1341 3625 vitiosum:
1361 3563 1397 3623 4⁰

287 3677 366 3759 qaod
372 3678 502 3741 admittit
510 3676 643 3761 effectam
651 3676 714 3738 sine
722 3696 822 3737 caasa.
836 3670 938 3747 Quare
949 3670 1004 3754 (sic
1013 3670 1094 3735 enim
1105 3671 1259 3736 concludit
1269 3672 1398 3757 scriptor

286 3787 348 3871 ille)
366 3787 424 3853 hoc
439 3796 572 3874 systema
585 3793 731 3870 repopoat
744 3786 882 3861 scientia,
899 3782 997 3866 topices
1011 3791 1040 3847 et
1053 3784 1150 3847 seruat
1164 3785 1315 3847 communi.

331 3900 443 3964 Probat
458 3907 572 3978 autern,
588 3897 647 3961 hoc
663 3905 798 3983 systema
813 3903 942 3959 evertere
956 3896 1041 3960 bases
1055 3896 1215 3959 matheseos
1236 3894 1331 3980 (quod
1349 3903 1396 3959 cst

288 4010 421 4095 primum
437 4008 668 4090 inconveniens)
687 4006 828 4091 sequenti
843 4004 952 4070 modo:

332 4121 396 4198 Qui
411 4129 518 4186 tenent
533 4120 685 4185 elementa
699 4117 859 4202 simplicia,
875 4126 992 4200 negant
1008 4114 1248 4180 divisibilitatem
1263 4117 1397 4181 materiae

287 4235 320 4299 in
340 4234 509 4299 infinitum.
557 4230 628 4309 Sed,
646 4238 758 4314 negata
777 4227 986 4295 divisibilitate
1014 4227 1147 4296 materiae
1173 4227 1207 4290 in
1227 4228 1395 4309 infinitum,

290 4352 470 4409 evertuntur
494 4341 580 4406 bases
607 4339 788 4419 matheseos,
813 4350 843 4403 et
861 4348 1007 4423 praeterea
1027 4337 1170 4403 mathesis
1190 4337 1328 4403 redditur
1349 4340 1395 4403 in-
