3200 4984
224 337 293 381 cna.
311 316 383 399 111.]
534 335 576 379 or
593 335 797 381 suasnsnrra
813 335 991 380 consonas.
1262 320 1325 381 201

225 510 374 575 aviribus
389 510 511 589 activis;
534 510 584 575 hae
605 509 688 573 enim
708 508 867 575 indefinite
881 533 914 575 se
935 509 1099 595 porrigrmt
1120 511 1203 576 ultra
1223 511 1326 597 ipsum

226 646 347 708 corpus,
372 623 409 687 de
435 623 522 687 cuins
548 621 723 687 extensione
744 622 857 705 agitur,
880 621 1049 686 secundum
1070 621 1215 686 virtutem
1235 646 1327 709 quam

226 734 361 799 liabent:
385 734 552 797 secundum
576 732 778 797 substantiam
805 741 908 797 autem
932 734 1010 797 vires
1033 734 1137 799 activae
1162 744 1237 801 sunt
1262 736 1328 821 ipsa

225 846 375 910 elementa
387 844 535 929 simplicia
544 853 579 908 ut
594 843 686 909 talem
697 845 843 909 virtutem
852 844 1006 924 habentis,
1018 854 1049 908 et
1058 845 1126 909 ideo
1135 846 1222 911 nullo
1237 847 1329 912 modo

226 980 350 1021 causare
373 966 502 1041 possunt
531 955 708 1020 continuam
737 955 955 1020 extensionem.
1001 957 1150 1022 Ramanet
1179 981 1263 1043 ergo,
1293 969 1329 1023 ut

226 1068 413 1133 continuitas
425 1067 607 1131 extensionis
618 1090 769 1152 corporeae
779 1077 934 1152 repetatur
945 1067 989 1131 vel
1001 1069 1229 1135 acontinuitate
1238 1072 1329 1155 spatii

226 1180 432 1245 interiacentis
453 1179 534 1243 iuter
555 1179 705 1244 elementa
729 1180 873 1264 corporis,
891 1178 975 1243 vela
998 1181 1202 1245 continuitate
1226 1195 1330 1247 motus

227 1292 381 1357 vibratorii
397 1314 457 1377 quo
472 1291 549 1355 illud
565 1292 696 1375 spatium
718 1292 916 1375 percurritur.
960 1292 1099 1356 Primum
1121 1293 1181 1359 dici
1200 1297 1328 1381 neqnit3

227 1405 388 1469 nonenim
404 1404 523 1487 agimus
544 1403 593 1466 hic
616 1402 654 1466 de
674 1404 849 1467 extensione
867 1403 939 1467 reali
959 1405 1171 1489 qualicumque,
1191 1429 1248 1492 pro
1270 1431 1331 1493 qua

229 1517 340 1581 sufficit
362 1516 473 1580 habere
495 1515 559 1591 duo
579 1524 713 1579 extrema
734 1514 825 1579 realia
846 1538 916 1579 cum
941 1537 1035 1580 vacuo
1064 1517 1271 1599 interiacente,
1295 1532 1330 1583 ut

227 1629 300 1692 alibi
316 1628 503 1706 videbimus;
528 1626 580 1691 sed
596 1628 716 1710 agimus
731 1628 769 1691 de
783 1628 958 1692 extensione
973 1637 1008 1691 ut
1023 1652 1171 1713 corporea,
1187 1630 1220 1694 id
1234 1642 1281 1695 est
1295 1642 1331 1695 ut

228 1751 275 1805 est
300 1740 415 1824 aliquid
438 1762 609 1823 corporum.
656 1738 795 1823 Spatium
821 1752 922 1803 autem
949 1740 1131 1805 interiacens
1160 1742 1242 1807 inter
1269 1743 1331 1807 duo
1375 1780 1378 1787 ·

228 1853 376 1917 elementa
397 1852 534 1936 pmxima
557 1873 619 1913 non
642 1860 689 1914 est
703 1873 813 1935 corpus
835 1860 866 1914 et
887 1873 950 1915 non
968 1861 1014 1916 est
1029 1854 1164 1918 extensio
1186 1856 1331 1940 corporis,

229 1964 283 2027 sed
297 1973 345 2026 est
366 1963 409 2041 id,
425 1962 592 2026 secundum
612 1961 695 2046 quod
715 1984 825 2046 corpus
846 1972 948 2047 potest
968 1963 1130 2029 extendere
1149 1975 1180 2029 et
1195 1968 1331 2032 extendit

230 2076 375 2159 seipsum.
419 2073 560 2137 Alterum
585 2096 657 2157 ergo
681 2073 740 2137 dici
766 2073 857 2137 debet
868 2101 878 2152 3
901 2097 1011 2159 nempe
1036 2078 1119 2160 quod
1145 2079 1331 2143 continuitas

230 2187 414 2251 extensionis
429 2208 579 2271 corporeae
594 2185 680 2249 nulla
694 2194 741 2248 est
756 2185 825 2262 alia,
840 2195 949 2270 praeter
963 2210 1040 2267 eam,
1051 2211 1110 2273 qua
1122 2198 1224 2253 motus
1234 2191 1331 2255 vibra-

229 2299 327 2363 torius
352 2298 572 2362 elementorum
597 2319 810 2381 corporeorum
834 2298 1008 2362 extenditur
1032 2298 1065 2362 in
1095 2301 1203 2385 spatio.
1248 2302 1332 2387 Ergo

231 2411 366 2475 extensio
381 2432 522 2493 corporea
537 2417 584 2473 est
599 2410 758 2493 occupatio
773 2410 864 2493 spatii
878 2423 1077 2493 permotum.

277 2525 348 2586 108.
372 2522 475 2606 Atque
490 2522 540 2584 hic
562 2521 662 2605 primo
676 2520 846 2585 notandum
868 2533 927 2601 est,
946 2523 1029 2607 quod
1045 2546 1189 2609 occupare
1208 2537 1332 2591 nonest

230 2636 360 2718 implere,
383 2633 534 2718 quidquid
560 2631 735 2716 praeiudicia
759 2633 792 2695 in
818 2634 1003 2698 contrarium
1029 2635 1142 2700 dicant.
1188 2638 1270 2701 Nam
1294 2639 1333 2703 ad

231 2744 423 2828 implendum
452 2743 585 2828 spatium
611 2722 749 2827 aliquod,
780 2742 806 2807 si
836 2744 956 2828 impleri
985 2755 1099 2828 posset,
1128 2751 1334 2832 requireretur

231 2857 358 2919 materia
378 2856 616 2939 continuaque
638 2877 728 2917 omne
749 2877 879 2917 vacuum
901 2855 1117 2921 intermedium
1138 2858 1279 2926 tolleret:
1301 2870 1335 2925 at

231 2969 296 3031 haec
311 2979 356 3031 est
370 2966 578 3051 impossibilis.
623 2965 714 3042 Quod
733 2975 836 3031 autem
851 2967 963 3030 attinet
986 2968 1025 3031 ad
1048 2979 1208 3053 punctum,
1223 2972 1256 3034 in
1272 2996 1334 3058 quo

231 3090 302 3144 actu
317 3088 363 3143 est
377 3079 501 3163 aliquod
517 3078 713 3154 elementum,
729 3100 768 3141 ne
790 3077 867 3141 illud
882 3078 1006 3162 quidem
1025 3078 1179 3163 impletur,
1196 3083 1250 3145 sed
1264 3106 1335 3167 pro·

231 3192 297 3275 prie
312 3189 465 3273 loquendo
479 3188 644 3252 extrinsece
653 3192 848 3266 terminatur,
864 3200 900 3251 ut
915 3188 1085 3254 videbimus
1100 3192 1133 3254 in
1148 3201 1280 3258 tractatu
1297 3195 1334 3259 de

232 3302 331 3366 tribus
351 3300 525 3365 continuis:
549 3310 580 3363 et
602 3299 720 3363 etiamsi
742 3299 931 3383 impleretur,
953 3323 1017 3367 non
1039 3312 1143 3367 tamen
1158 3317 1336 3389 sequeretur

234 3414 357 3499 aliquod
382 3414 514 3499 spatium
539 3412 679 3505 impleri3
702 3414 773 3496 quia
797 3422 947 3497 punctum
977 3414 1169 3480 inextcnsum
1199 3442 1262 3482 nen
1288 3430 1335 3485 est

232 3528 357 3611 aliquod
377 3526 519 3609 spatium,
542 3526 596 3589 sed
614 3526 738 3609 signum
760 3525 792 3587 in
809 3527 917 3609 spatio,
938 3527 984 3589 vel
999 3526 1086 3591 limes
1102 3529 1193 3613 spatii
1207 3531 1335 3611 relativi,

234 3640 313 3702 sicut
325 3648 515 3701 momentum
530 3660 592 3700 non
609 3647 655 3700 est
670 3636 793 3721 aliquod
809 3647 941 3721 tempus,
956 3648 1009 3700 aut
1025 3639 1126 3723 aliqua
1141 3639 1334 3720 duratio,sed

234 3754 358 3835 signum
374 3750 406 3813 in
423 3749 591 3827 duratione,
607 3760 637 3813 et
652 3749 739 3812 limes
754 3750 912 3832 temporis.
960 3750 1021 3814 Sed
1036 3752 1170 3830 materia,
1186 3752 1256 3817 licet
1271 3777 1334 3817 non

233 3863 369 3946 impleat,
385 3869 513 3944 occupat
532 3870 635 3923 tamen
651 3860 803 3944 spatium:
827 3882 973 3944 occupare
992 3862 1074 3925 enim
1090 3863 1170 3926 idem
1190 3874 1237 3928 est
1252 3866 1336 3950 quod

227 3978 316 4057 prius
330 3995 449 4057 capere:
473 3971 565 4047 unde,
581 3972 607 4034 si
621 3970 679 4035 hoc
693 3972 796 4055 potius
812 3972 1008 4052 elementum,
1024 3996 1114 4058 quam
1130 3976 1219 4055 illud,
1234 3988 1280 4041 est
1302 3979 1335 4043 in

234 4087 291 4149 hoc
307 4086 396 4168 signo
411 4084 511 4167 spatii,
527 4085 584 4147 hoc
599 4083 711 4147 dicitur
725 4106 873 4167 occupare
887 4084 948 4148 tale
964 4086 1087 4176 signum
1103 4089 1203 4171 spatii.
1248 4091 1334 4154 Dum

233 4220 305 4281 ergo
320 4196 443 4281 aliquod
458 4196 643 4259 elementum
655 4196 745 4259 estin
757 4196 859 4279 aliquo
871 4205 985 4279 puncto
996 4198 1096 4281 spatii,
1107 4211 1234 4285 occupat
1246 4202 1334 4283 illud,

235 4322 265 4374 ct
280 4332 319 4372 ex
334 4331 380 4386 eo,
395 4317 551 4391 tamquam
569 4330 604 4371 ex
620 4307 690 4370 sede
706 4330 761 4369 sua
775 4307 907 4391 propria,
923 4309 987 4390 agit
1002 4309 1080 4373 cirea
1094 4334 1136 4373 se.
1198 4317 1203 4323 '
