3200 4984
299 360 363 423 110
625 380 667 422 nr
684 380 889 423 suasrnnrrn
908 378 1091 424 consonas.
1273 361 1359 445 [cnr.
1377 382 1401 423 1.

237 544 246 561 ’
300 549 347 613 At
360 549 418 611 erit
425 547 558 631 fortasse
568 549 620 632 qni
633 548 722 628 dicct,
733 548 850 612 sublata
865 549 1031 612 ecterisirme
1044 546 1175 611 absalme
1189 548 1402 625 mathematica,

301 660 367 724 tolli
388 681 499 723 omnem
517 661 718 742 peametricm.
763 660 936 743 Respordm
954 660 1145 743 parmenian
1166 681 1225 721 non
1247 659 1322 735 tolli,
1340 682 1404 741 qnia

301 772 466 835 considerat
488 771 645 836 relationes
663 773 740 835 inter
759 772 919 835 distantias
934 780 963 835 et
977 771 1132 835 intervalla
1148 772 1298 835 distantiis
1313 772 1402 835 inter-

302 892 396 967 cepto,
411 906 475 967 qna
488 891 582 947 mette
596 885 783 967 concipimus,
798 892 830 947 ct
836 906 895 967 per
910 905 998 967 qnam
1012 884 1269 966 enlrppotlresibns
1286 884 1403 966 quibas-

302 996 369 1059 dam
391 996 588 1059 conclusiones
605 1017 671 1059 cum
685 996 723 1059 iis
737 1016 883 1059 connecas
897 995 1051 1077 caprinis
1066 994 1238 1077 quidusdam
1246 996 1405 1078 principiis

302 1108 477 1172 dederim.
526 1107 653 1170 Tollitur
662 1108 824 1192 peometria
838 1114 907 1171 acta
921 1107 1057 1183 cantens,
1073 1114 1218 1188 quatenns
1232 1105 1313 1168 nulla
1328 1106 1404 1167 linea

304 1216 493 1301 (materialis)
517 1218 599 1281 nulla
619 1217 789 1303 superficies
813 1216 1000 1301 (materialis)
1033 1218 1235 1282 mattomtice
1256 1219 1403 1295 continno,

304 1327 416 1391 nodam
435 1328 562 1392 solidam
585 1328 788 1413 (corporeum)
813 1329 1015 1392 mathematice
1037 1329 1205 1391 continuam
1222 1337 1266 1393 cst
1280 1330 1357 1392 inter
1371 1350 1405 1391 ca

303 1462 368 1523 qna
386 1442 541 1504 enistmrt.
558 1486 567 1505 .
583 1487 591 1505 .
609 1488 617 1504 .
634 1441 696 1504 Set
714 1440 830 1523 aliquid
849 1440 1014 1505 lainsmadi
1035 1441 1068 1503 in
1082 1442 1225 1505 cemorani
1239 1442 1328 1503 etiam
1341 1462 1405 1503 sen·

305 1554 400 1616 tentia
416 1553 533 1616 amittit.
578 1552 674 1617 Nulla
692 1554 795 1618 existit
817 1574 917 1616 revera
936 1552 970 1614 in
986 1560 1094 1615 natara
1109 1552 1187 1615 linea
1201 1560 1294 1630 recta,
1310 1552 1407 1615 nnllns

306 1665 442 1743 circulus,
457 1665 540 1728 nulla
561 1664 672 1747 ellim
687 1712 697 1729 .
714 1712 721 1727 .
739 1710 747 1727 .
765 1710 773 1727 .
788 1686 842 1727 nec
862 1686 929 1727 cero
951 1665 984 1727 in
1005 1664 1118 1747 mopnis
1133 1665 1302 1747 corporibus
1316 1664 1406 1728 allam

305 1775 443 1838 labeones
455 1774 637 1859 superficiem
651 1783 787 1839 accrircte
794 1775 920 1858 planam
934 1784 963 1839 et
972 1775 1149 1852 continuam,
1159 1784 1213 1839 aat
1227 1776 1405 1858 sphericam,

305 1894 359 1949 ant
381 1888 508 1950 criasns
527 1908 544 1949 e
565 1888 671 1965 aaron,
686 1909 760 1970 qnos
778 1894 933 1969 peametrae
955 1886 1208 1968 contemplantur:
1231 1894 1260 1949 et
1272 1887 1409 1969 plerique

307 2019 345 2060 ea
367 1998 415 2075 iis,
430 1998 483 2081 qai
502 1998 597 2061 solido
618 1998 720 2061 volant
741 1999 892 2077 ckmmta,
910 1998 1057 2082 simplices
1078 1997 1219 2061 masmelli
1234 1997 1352 2081 fiparas
1374 2022 1408 2061 ne

307 2110 340 2171 in
354 2110 428 2191 ipsis
441 2110 556 2192 quidem
575 2109 723 2173 elementis
743 2110 906 2174 admittent.
957 2110 1149 2182 Quamobren
1162 2112 1325 2194 peooeetrio
1347 2118 1409 2173 tota

187 2238 190 2243 ·
308 2222 484 2303 inopinaria
498 2229 586 2287 estet
600 2222 726 2285 idealis:
747 2222 800 2284 sed
807 2222 1024 2305 propositiones
1042 2222 1243 2305 hypothetice,
1259 2244 1323 2305 qna
1344 2222 1410 2285 inde

309 2333 498 2411 dedamntnr,
512 2342 582 2397 sant
595 2354 680 2413 aare,
695 2335 773 2413 et,si
787 2334 917 2397 eaistant
932 2333 1112 2397 conditiones
1126 2335 1164 2397 ab
1178 2334 1232 2402 illa
1246 2343 1409 2417 assumpta,

309 2447 436 2509 cantent
464 2446 566 2529 ntique
596 2454 626 2511 ct
651 2446 851 2510 conditionata
877 2444 943 2508 inde
968 2454 1062 2522 erato,
1087 2468 1123 2509 ac
1147 2446 1307 2510 relationes
1333 2449 1411 2511 inter

309 2557 467 2621 distantias
482 2565 661 2639 punctornrn
683 2557 874 2640 inopinarias
896 2578 949 2639 ope
967 2558 1132 2640 peometria
1161 2580 1198 2621 ec
1226 2559 1314 2621 certis
1343 2580 1411 2622 con·

310 2667 469 2731 ditionibus
488 2667 624 2746 deducta,
639 2689 751 2749 seraper
772 2675 858 2730 erant
874 2668 978 2744 reales,
994 2675 1023 2729 et
1037 2668 1111 2730 tales
1125 2668 1226 2749 quoles
1240 2690 1289 2732 eas
1303 2670 1413 2733 invenit

308 2781 477 2861 peooretria,
492 2780 544 2842 abi
564 2779 623 2841 illa
644 2780 714 2863 ipsa
731 2780 910 2843 conditiones
924 2781 957 2841 in
970 2779 1098 2842 realibus
1106 2789 1285 2863 punctorum
1300 2782 1412 2845 distan-

311 2890 363 2952 tiis
376 2892 505 2952 eaistant
519 2888 662 2965 (Theoria
677 2889 788 2974 philos.
802 2898 868 2954 nat.
884 2912 916 2954 n.
932 2892 1007 2970 373,
1023 2892 1122 2973 stt).

356 2999 492 3063 Tandem
517 3001 684 3082 geometria
706 3001 742 3064 fit
766 3001 893 3065 seientia
917 3001 1016 3081 realis,
1040 3009 1076 3064 ut
1098 3024 1135 3065 ex
1159 3002 1249 3066 dictis
1274 3002 1411 3082 resultat,

312 3112 436 3196 qnando
459 3111 630 3195 applicatur
656 3112 747 3176 rebus
772 3113 991 3180 materialibus.
1037 3113 1105 3177 Hoc
1129 3123 1232 3179 autem
1256 3138 1320 3179 non
1345 3116 1413 3180 ideo

312 3222 432 3302 accidit,
448 3223 520 3307 quia
533 3223 676 3288 volumen
691 3226 910 3308 geometricum
932 3226 1108 3310 adaequetur
1125 3234 1200 3290 tunc
1220 3227 1413 3293 materialiter

312 3337 351 3401 ab
366 3336 470 3422 aliquo
485 3359 619 3421 corpore,
635 3344 665 3401 et
680 3338 906 3423 quodammodo
921 3339 1130 3404 individuetur
1149 3340 1182 3403 in
1201 3348 1342 3408 concreto
1361 3340 1414 3403 illo

312 3450 456 3534 corporis.
488 3449 620 3513 Minime
635 3472 717 3514 sane.
748 3450 831 3513 Nam
847 3451 873 3514 si
888 3452 1076 3536 concipietur
1090 3451 1187 3515 cubus
1202 3453 1413 3536 geometricus,

313 3562 353 3625 ad
367 3562 434 3626 eius
448 3562 616 3626 realitatem
632 3562 705 3626 satis
720 3573 777 3642 est,
791 3563 819 3626 si
833 3563 958 3649 physice
973 3563 1103 3627 existant
1121 3572 1190 3655 octa
1210 3563 1358 3629 elementa
1375 3563 1415 3627 ad

314 3674 444 3758 aequalcs
467 3674 627 3738 distantias
649 3674 772 3757 angulis
794 3675 886 3739 rectis
901 3674 1049 3759 disposita
1063 3675 1096 3738 in
1112 3676 1210 3759 spatio
1226 3698 1341 3740 vacuo:
1365 3675 1414 3738 his

314 3787 397 3851 enim
418 3786 535 3872 positis,
551 3797 719 3871 exsurgunt
741 3786 835 3851 reales
858 3786 1018 3851 relationes
1038 3786 1152 3851 cubum
1168 3787 1414 3864 determinantes,

315 3898 347 3962 id
364 3907 411 3962 est
426 3898 522 3963 reales
545 3898 698 3963 distantiae
712 3899 869 3977 verticum,
885 3910 916 3962 et
942 3921 977 3962 ex
1000 3898 1049 3961 his
1074 3899 1169 3962 reales
1189 3898 1415 3983 superficierum

315 4011 593 4089 determinationes,
609 4012 685 4075 etess‘
712 4010 794 4075 Nam
817 4032 887 4073 cum
909 4010 1016 4074 relatio
1038 4010 1126 4075 realis
1148 4010 1226 4074 nihil
1240 4010 1324 4074 aliud
1346 4034 1416 4095 pos-

315 4122 403 4201 tulet,
419 4122 480 4186 nisi
498 4122 647 4185 terminos
666 4121 761 4185 reales
776 4143 847 4186 cum
862 4120 935 4185 reali
949 4120 1161 4199 fundamenta
1177 4131 1268 4185 erunt
1282 4124 1417 4207 prolecto

317 4233 410 4297 reales
436 4232 597 4297 relationes
626 4232 696 4309 illae,
725 4255 855 4317 quarum
885 4232 1009 4297 termini
1037 4241 1110 4296 sunt
1139 4242 1255 4317 puncta
1284 4234 1417 4297 materiae

317 4344 418 4423 realia,
433 4353 464 4409 et
487 4367 616 4428 quarum
639 4343 873 4410 fundamentum
897 4353 942 4407 est
966 4343 1053 4408 realis
1069 4344 1218 4429 capacitas
1234 4346 1320 4409 vacui
1339 4346 1419 4409 inter
