3200 4984
221 372 289 415 car.
307 352 380 435 ιιι]
603 372 721 415 nanum
739 370 972 416 peruramur.
1280 354 1323 415 59

219 535 377 617 canumpi.
420 534 467 598 Et
475 542 601 617 propter
617 535 671 597 iac
684 535 804 617 antiqui
817 532 978 617 naturales,
994 536 1045 621 qai
1053 534 1218 618 priuauit
1231 545 1322 606 mate·

220 648 297 709 mam
314 648 445 729 pristiam
469 666 532 709 essa
553 646 677 729 aliquod
700 668 752 709 erc
770 654 850 724 actu,
860 654 939 730 pata
960 648 1065 731 ipsam,
1079 654 1134 713 aut
1148 652 1253 728 ai'rarn,
1269 658 1331 713 aar

221 758 337 841 aliquid
355 758 529 837 huiusmodi,
544 742 682 821 lincunt
703 758 783 841 quad
799 758 879 825 nihil
885 766 1046 843 peraratas·
1060 768 1113 823 aut
1127 763 1325 844 canampitur

219 872 401 955 simpliciter,
416 870 469 935 saal
485 892 568 934 carae
574 869 647 955 ficri
660 877 828 934 statuemurt
842 870 975 935 alterari.
1021 872 1058 935 aa·
1071 873 1167 955 ipitur
1180 875 1223 937 ita
1239 883 1323 952 asset,

219 983 300 1066 'piacl
312 992 423 1067 prater
444 985 571 1046 ammam
592 982 798 1050 intellectivam
817 984 1021 1066 praeexistant
1049 1006 1234 1067 quacumque
1262 985 1324 1049 alia

213 1095 316 1178 farrea
329 1095 532 1159 albstaatialis
542 1096 575 1157 iu
589 1096 723 1173 materia,
732 1116 791 1178 per
805 1117 893 1178 quam
906 1096 1066 1159 matum
1080 1096 1183 1159 aalma
1191 1104 1266 1159 esset
1274 1118 1325 1159 erse

221 1215 300 1287 actu,
314 1216 482 1291 sequeretur
506 1207 586 1291 palad
608 1208 707 1271 numia
731 1229 790 1269 nan
815 1208 899 1269 daret
921 1228 982 1271 cese
999 1207 1199 1290 ·aimpliciter,·
1221 1216 1251 1271 al
1266 1230 1325 1291 per

221 1342 395 1403 caraequens
418 1319 498 1402 quad
519 1341 578 1383 aaa
603 1326 678 1383 esset
694 1318 799 1402 farrea
814 1319 1039 1393 substantialia‚·
1062 1319 1205 1403 quodper
1219 1321 1324 1383 adaea-

222 1440 283 1495 tum
297 1434 401 1495 anima
414 1453 473 1494 aaa
486 1438 561 1494 essct
570 1432 723 1515 peractio
736 1430 920 1514 sinpliciter,
935 1453 1027 1514 aeque
1034 1452 1093 1514 per
1106 1432 1169 1495 eius
1182 1454 1324 1496 recessum

221 1544 369 1626 sumptio
383 1541 564 1625 simpliciter,
578 1541 632 1605 aad
643 1541 738 1604 solum
756 1541 912 1606 secundum
932 1542 1006 1625 qaid
1015 1568 1026 1616 ;
1049 1564 1113 1626 quc
1135 1550 1205 1607 sunt
1229 1544 1323 1607 nmai-

215 1654 296 1738 feste
302 1655 396 1738 falsa.
443 1654 475 1716 S.
491 1653 625 1717 Thomas
643 1652 702 1716 hoc
720 1651 786 1715 loco
800 1662 1037 1736 argumentatur
1050 1675 1087 1716 ex
1102 1652 1163 1717 iam
1177 1652 1323 1739 probatis,

222 1773 253 1830 et
272 1765 303 1829 vi
323 1763 450 1828 rationis
474 1764 617 1829 adductae
641 1764 675 1827 in
698 1763 828 1828 articulo
845 1766 875 1827 Ι.
901 1763 967 1828 eius
990 1763 1180 1849 quaestionis,
1195 1764 1234 1829 ad
1252 1788 1324 1851 pro-

222 1876 359 1941 bandum
380 1877 515 1941 animam
536 1898 602 1940 esse
622 1876 753 1940 formam
777 1874 1032 1953 substantialem
1059 1899 1151 1961 quam
1174 1877 1323 1943 rationem

222 1989 355 2054 vidimus
377 2010 506 2054 numero
531 1987 727 2072 praecedenti.
772 1987 879 2063 Quum
905 1996 1008 2052 autem
1033 1989 1111 2053 ratio
1139 1987 1191 2053 illa
1215 1990 1325 2074 probet

223 2108 354 2178 tantum,
378 2098 511 2163 animam
532 2097 603 2161 dare
625 2097 744 2182 corpori
763 2098 898 2181 primum
918 2120 983 2162 esse
1002 2097 1116 2177 vivens,
1137 2121 1200 2163 non
1220 2109 1323 2165 autem

223 2212 358 2296 primum
377 2233 444 2275 csse
465 2209 681 2288 substantiam,
696 2210 788 2274 etism
809 2210 843 2273 in
863 2209 921 2273 hoc
941 2208 1070 2274 articulo
1090 2231 1202 2274 nomen
1217 2212 1326 2277 iormae

223 2322 426 2386 substantialis
441 2344 503 2385 non
518 2321 609 2385 debet
624 2320 720 2406 accipi
734 2343 791 2405 pro
806 2320 1005 2384 constitutivo
1026 2322 1198 2386 substantia
1217 2331 1251 2387 at
1271 2326 1326 2403 eie,

225 2434 279 2498 sed
297 2456 354 2519 pro
373 2432 571 2497 constitutivo
591 2442 706 2497 natura
722 2434 863 2497 uiuentis:
887 2455 974 2496 secus
994 2432 1076 2496 enim
1092 2433 1278 2517 acciperetur
1291 2436 1325 2499 in

224 2572 260 2613 eo
286 2572 389 2628 sensu,
415 2548 448 2612 in
475 2569 537 2632 quo
565 2570 628 2611 non
654 2546 715 2611 suit
743 2546 907 2631 probatum
933 2546 1041 2611 debere
1070 2547 1175 2632 accipi,
1202 2549 1326 2633 quando

225 2662 328 2746 agitur
354 2660 392 2724 de
417 2659 539 2738 anima3
570 2681 666 2744 quum
690 2658 853 2743 probatum
878 2679 940 2721 non
963 2657 1068 2737 fuerit,
1094 2657 1228 2723 animam
1255 2659 1326 2723 dare

225 2772 360 2857 primum
375 2794 441 2835 esse
456 2770 593 2835 materiae
606 2768 727 2854 piimae.

270 2884 338 2947 Hoc
353 2882 462 2966 posito,
472 2882 513 2959 id,
523 2903 584 2966 qno
595 2880 699 2945 vivens
714 2880 814 2965 primo
829 2887 876 2944 est
885 2880 999 2960 vivens,
1014 2902 1116 2967 neque
1130 2893 1176 2946 est
1187 2883 1325 2948 acciden-

226 2994 285 3071 tale
294 2993 418 3073 viventi,
427 3015 486 3057 nec
496 2991 706 3071 substantiale,
718 2991 772 3055 sed
783 2992 925 3056 naturale
936 3000 966 3055 et
982 2991 1141 3058 essentiale
1152 3019 1161 3073 3
1185 2994 1287 3074 idest,
1299 2996 1324 3059 si

225 3105 356 3170 essentia
376 3113 570 3169 convertatur
591 3126 662 3168 cum
686 3102 868 3183 substantia,
888 3114 934 3167 est
957 3102 1074 3189 aliquid
1096 3104 1134 3169 de
1156 3106 1328 3173 substantia

225 3217 268 3281 rei
282 3216 366 3295 vivae,
381 3238 444 3279 non
459 3224 562 3279 tamen
576 3223 624 3278 est
642 3214 759 3298 aliquid
778 3214 891 3278 iaciens
909 3237 974 3279 rem
988 3216 1087 3279 vivam
1108 3238 1168 3280 asae
1186 3240 1257 3295 rem,
1273 3220 1328 3283 sed

225 3326 339 3390 faciens
354 3348 414 3390 ease
427 3328 539 3391 uiuam,
565 3326 625 3405 Sic,
642 3325 714 3390 dato
728 3325 844 3389 annulo
859 3349 962 3406 aureo,
977 3326 1076 3391 forms
1090 3328 1245 3393 annmaris
1260 3352 1328 3414 qnae

225 3437 347 3502 advenit
361 3460 446 3517 auro,
457 3446 489 3502 et
503 3460 572 3522 qnae
586 3459 650 3500 non
665 3437 738 3500 facit
751 3459 818 3501 esse
832 3460 940 3502 aurum
954 3439 995 3522 (et
1010 3438 1080 3503 ideo
1094 3461 1156 3504 non
1168 3449 1215 3503 est
1230 3442 1327 3507 forma

226 3548 435 3613 substantialis
450 3549 539 3629 auri),
555 3555 736 3611 nontamen
752 3557 801 3611 est
822 3548 1018 3613 accidentalis
1033 3550 1159 3629 annulo,
1174 3562 1267 3636 prout
1282 3566 1328 3617 est

225 3661 377 3739 annulus3
399 3661 473 3745 quia
482 3660 616 3724 annulus
630 3660 830 3724 constituitur
844 3682 898 3745 per
912 3660 1041 3725 formam
1057 3662 1245 3743 annularem,
1257 3687 1327 3749 quae

224 3782 272 3836 est
293 3773 411 3857 primus
432 3781 518 3836 actus
533 3770 651 3849 annuli,
666 3781 698 3835 et
713 3771 765 3834 dat
779 3772 825 3835 illi
841 3772 975 3855 primum
994 3794 1061 3837 esse
1075 3774 1204 3853 annuli3
1228 3798 1326 3860 quum

224 3884 524 3967 annulusrepugnet
538 3882 604 3946 sine
618 3882 716 3946 iorma
730 3882 883 3948 annulari.
906 3882 1019 3963 Quare,
1030 3883 1100 3949 licet
1115 3885 1213 3949 forma
1227 3910 1326 3953 annu·

225 3995 298 4060 laris
312 4017 376 4059 non
391 3995 443 4060 det
457 4017 523 4058 esse
537 3994 672 4079 primum
686 3994 822 4060 materiae
837 3993 913 4074 auri,
925 3994 979 4059 dat
993 4003 1096 4060 tamen
1111 4018 1177 4061 esse
1188 3998 1327 4085 primum

225 4108 403 4187 anania-ut
424 4104 557 4169 annulus
578 4113 644 4169 est:
677 4113 718 4183 et,
740 4105 812 4169 licet
834 4104 974 4170 adveniat
996 4128 1070 4171 auro
1091 4106 1152 4172 iam
1175 4110 1326 4191 existenti,

225 4243 289 4285 non
310 4229 414 4283 tamma
436 4218 559 4281 advenit
580 4216 697 4281 annulo
717 4217 870 4295 existenti,
887 4217 941 4281 sed
965 4227 1012 4281 est
1028 4218 1071 4297 id,
1087 4242 1149 4304 quo
1166 4222 1266 4305 primo
1281 4234 1327 4287 est

227 4333 369 4398 anninus.
414 4330 516 4394 Datur
531 4335 614 4413 erga,
630 4330 722 4392 etiam
737 4339 822 4393 extra
836 4328 1003 4409 hominem,
1019 4329 1117 4397 forma
1131 4332 1241 4417 aliqua,
1258 4356 1328 4419 quae
