<?xml version="1.0" encoding="UTF-8"?>
<!DOCTYPE html PUBLIC "-//W3C//DTD XHTML 1.0 Transitional//EN"
    "http://www.w3.org/TR/xhtml1/DTD/xhtml1-transitional.dtd">
<html xmlns="http://www.w3.org/1999/xhtml" xml:lang="en" lang="en">
 <head>
  <title>
</title>
<meta http-equiv="Content-Type" content="text/html;charset=utf-8" />
  <meta name='ocr-system' content='tesseract 3.04.00' />
  <meta name='ocr-capabilities' content='ocr_page ocr_carea ocr_par ocr_line ocrx_word'/>
</head>
<body>
  <div class='ocr_page' id='page_1' title='image "./realisphilosoph00baymgoog_0295.png"; bbox 0 0 3200 4984; ppageno 0'>
   <div class='ocr_carea' id='block_1_1' title="bbox 218 390 1317 475">
    <p class='ocr_par' dir='ltr' id='par_1_1' title="bbox 218 390 1317 475">
     <span class='ocr_line' id='line_1_1' title="bbox 218 390 1317 475; baseline -0.004 -18"><span class='ocrx_word' id='word_1_1' title='bbox 218 413 290 457; x_wconf 77' lang='lat' dir='ltr'><strong>aar.</strong></span> <span class='ocrx_word' id='word_1_2' title='bbox 308 392 362 475; x_wconf 89' lang='lat'>11.]</span> <span class='ocrx_word' id='word_1_3' title='bbox 587 413 629 457; x_wconf 84' lang='lat' dir='ltr'><strong>nu</strong></span> <span class='ocrx_word' id='word_1_4' title='bbox 645 411 765 456; x_wconf 78' lang='lat' dir='ltr'><strong>uersos</strong></span> <span class='ocrx_word' id='word_1_5' title='bbox 781 411 971 457; x_wconf 74' lang='lat' dir='ltr'><strong>concisura.</strong></span> <span class='ocrx_word' id='word_1_6' title='bbox 1252 390 1317 453; x_wconf 80' lang='lat'><strong>277</strong></span> 
     </span>
    </p>
   </div>
   <div class='ocr_carea' id='block_1_2' title="bbox 139 579 1390 3912">
    <p class='ocr_par' dir='ltr' id='par_1_2' title="bbox 214 579 1320 1228">
     <span class='ocr_line' id='line_1_2' title="bbox 219 579 1317 668; baseline -0.003 -23"><span class='ocrx_word' id='word_1_7' title='bbox 219 593 311 668; x_wconf 89' lang='lat' dir='ltr'><strong>atque</strong></span> <span class='ocrx_word' id='word_1_8' title='bbox 333 583 451 648; x_wconf 90' lang='lat' dir='ltr'><strong>ratione</strong></span> <span class='ocrx_word' id='word_1_9' title='bbox 469 582 563 647; x_wconf 91' lang='lat' dir='ltr'><strong>huius</strong></span> <span class='ocrx_word' id='word_1_10' title='bbox 581 584 839 664; x_wconf 88' lang='lat' dir='ltr'><strong>simultaneitatis,</strong></span> <span class='ocrx_word' id='word_1_11' title='bbox 859 584 1029 650; x_wconf 82' lang='lat' dir='ltr'><strong>virtualitas</strong></span> <span class='ocrx_word' id='word_1_12' title='bbox 1054 581 1107 647; x_wconf 88' lang='lat' dir='ltr'><strong>illa</strong></span> <span class='ocrx_word' id='word_1_13' title='bbox 1128 579 1317 659; x_wconf 75' lang='lat' dir='ltr'><strong>aeternitatis,</strong></span> 
     </span>
     <span class='ocr_line' id='line_1_3' title="bbox 220 690 1320 781; baseline -0.005 -20"><span class='ocrx_word' id='word_1_14' title='bbox 220 697 269 761; x_wconf 89' lang='lat' dir='ltr'><strong>cui</strong></span> <span class='ocrx_word' id='word_1_15' title='bbox 291 694 429 761; x_wconf 81' lang='lat' dir='ltr'>coexistit</span> <span class='ocrx_word' id='word_1_16' title='bbox 451 698 565 781; x_wconf 65' lang='lat' dir='ltr'><strong>quanm</strong></span> <span class='ocrx_word' id='word_1_17' title='bbox 587 696 686 761; x_wconf 85' lang='lat' dir='ltr'><strong>fluens</strong></span> <span class='ocrx_word' id='word_1_18' title='bbox 708 706 865 774; x_wconf 87' lang='lat' dir='ltr'><strong>creaturae,</strong></span> <span class='ocrx_word' id='word_1_19' title='bbox 889 696 948 760; x_wconf 90' lang='lat' dir='ltr'><strong>dici</strong></span> <span class='ocrx_word' id='word_1_20' title='bbox 970 704 1074 781; x_wconf 85' lang='lat' dir='ltr'><strong>posset</strong></span> <span class='ocrx_word' id='word_1_21' title='bbox 1095 690 1320 779; x_wconf 87' lang='lat' dir='ltr'><strong>quodammodo</strong></span> 
     </span>
     <span class='ocr_line' id='line_1_4' title="bbox 214 805 1320 893; baseline -0.005 -21"><span class='ocrx_word' id='word_1_22' title='bbox 214 809 315 891; x_wconf 80' lang='lat' dir='ltr'><strong>pleno,</strong></span> <span class='ocrx_word' id='word_1_23' title='bbox 332 831 385 872; x_wconf 84' lang='lat' dir='ltr'><strong>seu</strong></span> <span class='ocrx_word' id='word_1_24' title='bbox 400 807 562 876; x_wconf 85' lang='lat' dir='ltr'><strong>terminata</strong></span> <span class='ocrx_word' id='word_1_25' title='bbox 584 808 622 874; x_wconf 87' lang='lat' dir='ltr'><strong>ad</strong></span> <span class='ocrx_word' id='word_1_26' title='bbox 645 819 729 873; x_wconf 86' lang='lat' dir='ltr'><strong>extra</strong></span> <span class='ocrx_word' id='word_1_27' title='bbox 750 831 805 893; x_wconf 93' lang='lat' dir='ltr'><strong>per</strong></span> <span class='ocrx_word' id='word_1_28' title='bbox 826 808 942 892; x_wconf 82' lang='lat' dir='ltr'><strong>quondo</strong></span> <span class='ocrx_word' id='word_1_29' title='bbox 963 805 1090 871; x_wconf 84' lang='lat' dir='ltr'><strong>formale</strong></span> <span class='ocrx_word' id='word_1_30' title='bbox 1112 818 1264 869; x_wconf 86' lang='lat' dir='ltr'><strong>creatum:</strong></span> <span class='ocrx_word' id='word_1_31' title='bbox 1287 813 1320 868; x_wconf 91' lang='lat' dir='ltr'><strong>et</strong></span> 
     </span>
     <span class='ocr_line' id='line_1_5' title="bbox 220 916 1320 1006; baseline -0.005 -21"><span class='ocrx_word' id='word_1_32' title='bbox 220 920 373 985; x_wconf 76' lang='lat' dir='ltr'><strong>aeternitas</strong></span> <span class='ocrx_word' id='word_1_33' title='bbox 395 920 462 1006; x_wconf 89' lang='lat' dir='ltr'><strong>ipsa</strong></span> <span class='ocrx_word' id='word_1_34' title='bbox 481 919 593 985; x_wconf 88' lang='lat' dir='ltr'><strong>dicitur</strong></span> <span class='ocrx_word' id='word_1_35' title='bbox 611 921 756 1006; x_wconf 86' lang='lat' dir='ltr'><strong>percurri,</strong></span> <span class='ocrx_word' id='word_1_36' title='bbox 771 921 805 985; x_wconf 91' lang='lat' dir='ltr'><strong>in</strong></span> <span class='ocrx_word' id='word_1_37' title='bbox 822 930 973 1006; x_wconf 88' lang='lat' dir='ltr'><strong>quantum</strong></span> <span class='ocrx_word' id='word_1_38' title='bbox 996 920 1074 983; x_wconf 91' lang='lat' dir='ltr'><strong>ratio</strong></span> <span class='ocrx_word' id='word_1_39' title='bbox 1094 916 1320 983; x_wconf 88' lang='lat' dir='ltr'><strong>denominativa</strong></span> 
     </span>
     <span class='ocr_line' id='line_1_6' title="bbox 222 1028 1318 1107; baseline -0.003 -11"><span class='ocrx_word' id='word_1_40' title='bbox 222 1032 467 1096; x_wconf 87' lang='lat' dir='ltr'><strong>simultaneitstis</strong></span> <span class='ocrx_word' id='word_1_41' title='bbox 483 1033 664 1096; x_wconf 83' lang='lat' dir='ltr'>transfertur</span> <span class='ocrx_word' id='word_1_42' title='bbox 679 1033 717 1096; x_wconf 89' lang='lat' dir='ltr'><strong>de</strong></span> <span class='ocrx_word' id='word_1_43' title='bbox 732 1054 794 1097; x_wconf 92' lang='lat' dir='ltr'><strong>una</strong></span> <span class='ocrx_word' id='word_1_44' title='bbox 808 1031 891 1096; x_wconf 91' lang='lat' dir='ltr'><strong>illius</strong></span> <span class='ocrx_word' id='word_1_45' title='bbox 905 1031 1091 1097; x_wconf 80' lang='lat' dir='ltr'><strong>virtualitate</strong></span> <span class='ocrx_word' id='word_1_46' title='bbox 1106 1029 1145 1094; x_wconf 92' lang='lat' dir='ltr'><strong>ad</strong></span> <span class='ocrx_word' id='word_1_47' title='bbox 1162 1029 1263 1107; x_wconf 89' lang='lat' dir='ltr'><strong>aliam,</strong></span> <span class='ocrx_word' id='word_1_48' title='bbox 1278 1028 1318 1093; x_wconf 95' lang='lat' dir='ltr'><strong>ob</strong></span> 
     </span>
     <span class='ocr_line' id='line_1_7' title="bbox 221 1142 879 1228; baseline 0.003 -23"><span class='ocrx_word' id='word_1_49' title='bbox 221 1142 336 1206; x_wconf 79' lang='lat' dir='ltr'><strong>{luxum</strong></span> <span class='ocrx_word' id='word_1_50' title='bbox 352 1142 552 1206; x_wconf 88' lang='lat' dir='ltr'><strong>intrinsecum</strong></span> <span class='ocrx_word' id='word_1_51' title='bbox 566 1142 625 1228; x_wconf 87' lang='lat' dir='ltr'><strong>ipsi</strong></span> <span class='ocrx_word' id='word_1_52' title='bbox 639 1143 754 1226; x_wconf 82' lang='lat' dir='ltr'><strong>quondo</strong></span> <span class='ocrx_word' id='word_1_53' title='bbox 769 1152 879 1207; x_wconf 87' lang='lat' dir='ltr'><strong>creato.</strong></span> 
     </span>
    </p>

    <p class='ocr_par' dir='ltr' id='par_1_3' title="bbox 264 1253 1145 1339">
     <span class='ocr_line' id='line_1_8' title="bbox 264 1253 1145 1339; baseline 0 -23"><span class='ocrx_word' id='word_1_54' title='bbox 264 1256 317 1318; x_wconf 89' lang='grc'><strong>38.</strong></span> <span class='ocrx_word' id='word_1_55' title='bbox 341 1253 496 1330; x_wconf 85' lang='lat' dir='ltr'><strong>Quaeritur</strong></span> <span class='ocrx_word' id='word_1_56' title='bbox 511 1265 604 1333; x_wconf 86' lang='lat' dir='ltr'><strong>sexto,</strong></span> <span class='ocrx_word' id='word_1_57' title='bbox 619 1257 693 1339; x_wconf 80' lang='lat' dir='ltr'><strong>quid</strong></span> <span class='ocrx_word' id='word_1_58' title='bbox 703 1257 744 1319; x_wconf 85' lang='lat' dir='ltr'><strong>sit</strong></span> <span class='ocrx_word' id='word_1_59' title='bbox 757 1256 941 1339; x_wconf 78' lang='lat' dir='ltr'><strong>quandeitoa,</strong></span> <span class='ocrx_word' id='word_1_60' title='bbox 955 1277 1006 1319; x_wconf 83' lang='lat' dir='ltr'><strong>acu</strong></span> <span class='ocrx_word' id='word_1_61' title='bbox 1021 1254 1145 1339; x_wconf 59' lang='lat' dir='ltr'><strong>quarm</strong></span> 
     </span>
    </p>

    <p class='ocr_par' dir='ltr' id='par_1_4' title="bbox 139 1364 1390 3552">
     <span class='ocr_line' id='line_1_9' title="bbox 265 1364 1320 1451; baseline -0.001 -22"><span class='ocrx_word' id='word_1_62' title='bbox 265 1365 457 1451; x_wconf 88' lang='lat' dir='ltr'><strong>Respondeo,</strong></span> <span class='ocrx_word' id='word_1_63' title='bbox 487 1365 714 1450; x_wconf 88' lang='lat' dir='ltr'><strong>quandeitatem</strong></span> <span class='ocrx_word' id='word_1_64' title='bbox 743 1388 809 1430; x_wconf 89' lang='lat' dir='ltr'><strong>esse</strong></span> <span class='ocrx_word' id='word_1_65' title='bbox 838 1367 964 1430; x_wconf 90' lang='lat' dir='ltr'><strong>modum</strong></span> <span class='ocrx_word' id='word_1_66' title='bbox 993 1364 1142 1430; x_wconf 80' lang='lat' dir='ltr'><strong>actualem</strong></span> <span class='ocrx_word' id='word_1_67' title='bbox 1171 1364 1320 1429; x_wconf 89' lang='lat' dir='ltr'><strong>existendi</strong></span> 
     </span>
     <span class='ocr_line' id='line_1_10' title="bbox 222 1476 1320 1564; baseline -0.003 -22"><span class='ocrx_word' id='word_1_68' title='bbox 222 1478 341 1542; x_wconf 77' lang='lat' dir='ltr'>realiter</span> <span class='ocrx_word' id='word_1_69' title='bbox 365 1477 397 1541; x_wconf 94' lang='lat' dir='ltr'><strong>in</strong></span> <span class='ocrx_word' id='word_1_70' title='bbox 424 1477 594 1542; x_wconf 89' lang='lat' dir='ltr'><strong>duratione.</strong></span> <span class='ocrx_word' id='word_1_71' title='bbox 640 1476 673 1541; x_wconf 90' lang='lat' dir='ltr'><strong>Si</strong></span> <span class='ocrx_word' id='word_1_72' title='bbox 699 1479 815 1562; x_wconf 81' lang='lat' dir='ltr'><strong>quoodo</strong></span> <span class='ocrx_word' id='word_1_73' title='bbox 840 1486 1031 1564; x_wconf 84' lang='lat' dir='ltr'><strong>comparetur</strong></span> <span class='ocrx_word' id='word_1_74' title='bbox 1060 1477 1099 1541; x_wconf 92' lang='lat' dir='ltr'><strong>ad</strong></span> <span class='ocrx_word' id='word_1_75' title='bbox 1128 1476 1320 1541; x_wconf 81' lang='lat' dir='ltr'><strong>durationem</strong></span> 
     </span>
     <span class='ocr_line' id='line_1_11' title="bbox 223 1588 1321 1675; baseline -0.003 -20"><span class='ocrx_word' id='word_1_76' title='bbox 223 1590 404 1669; x_wconf 84' lang='lat' dir='ltr'><strong>absolutam,</strong></span> <span class='ocrx_word' id='word_1_77' title='bbox 416 1588 578 1654; x_wconf 84' lang='lat' dir='ltr'><strong>habebitur</strong></span> <span class='ocrx_word' id='word_1_78' title='bbox 588 1590 703 1674; x_wconf 80' lang='lat' dir='ltr'><strong>quando</strong></span> <span class='ocrx_word' id='word_1_79' title='bbox 715 1588 902 1669; x_wconf 92' lang='lat' dir='ltr'><strong>absolutum,</strong></span> <span class='ocrx_word' id='word_1_80' title='bbox 914 1588 999 1675; x_wconf 92' lang='lat' dir='ltr'><strong>quod</strong></span> <span class='ocrx_word' id='word_1_81' title='bbox 1011 1600 1059 1653; x_wconf 89' lang='lat' dir='ltr'><strong>est</strong></span> <span class='ocrx_word' id='word_1_82' title='bbox 1074 1588 1183 1653; x_wconf 90' lang='lat' dir='ltr'><strong>modus</strong></span> <span class='ocrx_word' id='word_1_83' title='bbox 1194 1588 1321 1653; x_wconf 87' lang='lat' dir='ltr'><strong>actualis</strong></span> 
     </span>
     <span class='ocr_line' id='line_1_12' title="bbox 139 1700 1322 1785; baseline 0.004 -26"><span class='ocrx_word' id='word_1_84' title='bbox 139 1740 147 1759; x_wconf 89' lang='lat'><strong>.</strong></span> <span class='ocrx_word' id='word_1_85' title='bbox 223 1701 370 1766; x_wconf 86' lang='lat' dir='ltr'><strong>existendi</strong></span> <span class='ocrx_word' id='word_1_86' title='bbox 391 1702 423 1765; x_wconf 90' lang='lat' dir='ltr'><strong>in</strong></span> <span class='ocrx_word' id='word_1_87' title='bbox 444 1700 604 1765; x_wconf 90' lang='lat' dir='ltr'><strong>duratione</strong></span> <span class='ocrx_word' id='word_1_88' title='bbox 624 1701 772 1782; x_wconf 88' lang='lat' dir='ltr'><strong>absoluta,</strong></span> <span class='ocrx_word' id='word_1_89' title='bbox 788 1724 843 1766; x_wconf 90' lang='lat' dir='ltr'><strong>seu</strong></span> <span class='ocrx_word' id='word_1_90' title='bbox 857 1702 984 1785; x_wconf 83' lang='lat' dir='ltr'><strong>siguum·</strong></span> <span class='ocrx_word' id='word_1_91' title='bbox 995 1701 1075 1766; x_wconf 85' lang='lat' dir='ltr'><strong>reale</strong></span> <span class='ocrx_word' id='word_1_92' title='bbox 1089 1701 1123 1764; x_wconf 89' lang='lat' dir='ltr'><strong>in</strong></span> <span class='ocrx_word' id='word_1_93' title='bbox 1137 1700 1322 1765; x_wconf 85' lang='lat' dir='ltr'><strong>virtualitate</strong></span> 
     </span>
     <span class='ocr_line' id='line_1_13' title="bbox 222 1811 1319 1891; baseline -0.002 -13"><span class='ocrx_word' id='word_1_94' title='bbox 222 1813 408 1891; x_wconf 70' lang='lat' dir='ltr'><strong>aternitatis,</strong></span> <span class='ocrx_word' id='word_1_95' title='bbox 425 1813 591 1877; x_wconf 75' lang='lat' dir='ltr'><strong>terminans</strong></span> <span class='ocrx_word' id='word_1_96' title='bbox 607 1811 784 1878; x_wconf 81' lang='lat' dir='ltr'><strong>relationem</strong></span> <span class='ocrx_word' id='word_1_97' title='bbox 803 1813 1059 1891; x_wconf 85' lang='lat' dir='ltr'><strong>simultuneitatis,</strong></span> <span class='ocrx_word' id='word_1_98' title='bbox 1075 1823 1111 1878; x_wconf 91' lang='lat' dir='ltr'><strong>ut</strong></span> <span class='ocrx_word' id='word_1_99' title='bbox 1131 1812 1319 1877; x_wconf 84' lang='lat' dir='ltr'><strong>dictum-est</strong></span> 
     </span>
     <span class='ocr_line' id='line_1_14' title="bbox 225 1924 1321 2009; baseline -0.001 -20"><span class='ocrx_word' id='word_1_100' title='bbox 225 1925 293 1990; x_wconf 85' lang='lat' dir='ltr'><strong>Hoc</strong></span> <span class='ocrx_word' id='word_1_101' title='bbox 307 1926 423 2009; x_wconf 82' lang='lat' dir='ltr'><strong>quondo</strong></span> <span class='ocrx_word' id='word_1_102' title='bbox 438 1924 612 1991; x_wconf 87' lang='lat' dir='ltr'><strong>absolutum</strong></span> <span class='ocrx_word' id='word_1_103' title='bbox 627 1924 782 1989; x_wconf 88' lang='lat' dir='ltr'><strong>evidenter</strong></span> <span class='ocrx_word' id='word_1_104' title='bbox 797 1934 844 1989; x_wconf 91' lang='lat' dir='ltr'><strong>est</strong></span> <span class='ocrx_word' id='word_1_105' title='bbox 859 1924 1058 2002; x_wconf 88' lang='lat' dir='ltr'><strong>immutabile,</strong></span> <span class='ocrx_word' id='word_1_106' title='bbox 1074 1934 1218 1989; x_wconf 85' lang='lat' dir='ltr'><strong>manente</strong></span> <span class='ocrx_word' id='word_1_107' title='bbox 1237 1947 1270 1988; x_wconf 92' lang='lat' dir='ltr'><strong>re</strong></span> <span class='ocrx_word' id='word_1_108' title='bbox 1287 1924 1321 1988; x_wconf 89' lang='lat' dir='ltr'><strong>in</strong></span> 
     </span>
     <span class='ocr_line' id='line_1_15' title="bbox 224 2035 1390 2122; baseline -0.001 -21"><span class='ocrx_word' id='word_1_109' title='bbox 224 2060 279 2101; x_wconf 94' lang='lat' dir='ltr'><strong>suo</strong></span> <span class='ocrx_word' id='word_1_110' title='bbox 296 2059 371 2117; x_wconf 91' lang='lat' dir='ltr'><strong>esse,</strong></span> <span class='ocrx_word' id='word_1_111' title='bbox 387 2060 482 2122; x_wconf 92' lang='lat' dir='ltr'><strong>quum</strong></span> <span class='ocrx_word' id='word_1_112' title='bbox 501 2059 564 2100; x_wconf 90' lang='lat' dir='ltr'><strong>non</strong></span> <span class='ocrx_word' id='word_1_113' title='bbox 584 2038 680 2121; x_wconf 86' lang='lat' dir='ltr'><strong>possit</strong></span> <span class='ocrx_word' id='word_1_114' title='bbox 695 2037 801 2101; x_wconf 90' lang='lat' dir='ltr'><strong>eadem</strong></span> <span class='ocrx_word' id='word_1_115' title='bbox 816 2059 864 2100; x_wconf 91' lang='lat' dir='ltr'><strong>res</strong></span> <span class='ocrx_word' id='word_1_116' title='bbox 878 2035 983 2101; x_wconf 83' lang='lat' dir='ltr'><strong>referri</strong></span> <span class='ocrx_word' id='word_1_117' title='bbox 997 2036 1057 2100; x_wconf 89' lang='lat' dir='ltr'><strong>nisi</strong></span> <span class='ocrx_word' id='word_1_118' title='bbox 1072 2037 1162 2101; x_wconf 93' lang='lat' dir='ltr'><strong>unico</strong></span> <span class='ocrx_word' id='word_1_119' title='bbox 1178 2035 1270 2100; x_wconf 92' lang='lat' dir='ltr'><strong>modo</strong></span> <span class='ocrx_word' id='word_1_120' title='bbox 1283 2035 1323 2100; x_wconf 90' lang='lat' dir='ltr'><strong>ad</strong></span> <span class='ocrx_word' id='word_1_121' title='bbox 1386 2112 1390 2119; x_wconf 23' lang='lat'>¹</span> 
     </span>
     <span class='ocr_line' id='line_1_16' title="bbox 222 2124 1321 2227; baseline -0.002 -14"><span class='ocrx_word' id='word_1_122' title='bbox 222 2149 432 2213; x_wconf 85' lang='lat' dir='ltr'><strong>aeternitatem.</strong></span> <span class='ocrx_word' id='word_1_123' title='bbox 478 2148 561 2213; x_wconf 88' lang='lat' dir='ltr'><strong>Hinc</strong></span> <span class='ocrx_word' id='word_1_124' title='bbox 591 2148 617 2212; x_wconf 92' lang='lat' dir='ltr'><strong>si</strong></span> <span class='ocrx_word' id='word_1_125' title='bbox 646 2124 772 2213; x_wconf 82' lang='lat' dir='ltr'><strong>unicum</strong></span> <span class='ocrx_word' id='word_1_126' title='bbox 802 2148 989 2213; x_wconf 81' lang='lat' dir='ltr'><strong>elementum</strong></span> <span class='ocrx_word' id='word_1_127' title='bbox 1014 2148 1147 2213; x_wconf 79' lang='lat' dir='ltr'><strong>materiae</strong></span> <span class='ocrx_word' id='word_1_128' title='bbox 1171 2148 1321 2227; x_wconf 84' lang='lat' dir='ltr'><strong>existeret,</strong></span> 
     </span>
     <span class='ocr_line' id='line_1_17' title="bbox 223 2259 1323 2345; baseline -0.002 -20"><span class='ocrx_word' id='word_1_129' title='bbox 223 2260 301 2325; x_wconf 92' lang='lat' dir='ltr'><strong>illud</strong></span> <span class='ocrx_word' id='word_1_130' title='bbox 323 2282 483 2345; x_wconf 90' lang='lat' dir='ltr'><strong>nunquam</strong></span> <span class='ocrx_word' id='word_1_131' title='bbox 504 2268 677 2324; x_wconf 82' lang='lat' dir='ltr'><strong>mutaretur</strong></span> <span class='ocrx_word' id='word_1_132' title='bbox 696 2260 776 2325; x_wconf 89' lang='lat' dir='ltr'><strong>circa</strong></span> <span class='ocrx_word' id='word_1_133' title='bbox 796 2260 922 2345; x_wconf 66' lang='lat' dir='ltr'><strong>quanda</strong></span> <span class='ocrx_word' id='word_1_134' title='bbox 937 2269 973 2324; x_wconf 91' lang='lat' dir='ltr'><strong>nt</strong></span> <span class='ocrx_word' id='word_1_135' title='bbox 994 2260 1152 2345; x_wconf 87' lang='lat' dir='ltr'><strong>apparebit</strong></span> <span class='ocrx_word' id='word_1_136' title='bbox 1173 2259 1265 2324; x_wconf 91' lang='lat' dir='ltr'><strong>etiam</strong></span> <span class='ocrx_word' id='word_1_137' title='bbox 1287 2282 1323 2323; x_wconf 85' lang='lat' dir='ltr'><strong>ex</strong></span> 
     </span>
     <span class='ocr_line' id='line_1_18' title="bbox 224 2370 1324 2458; baseline 0 -23"><span class='ocrx_word' id='word_1_138' title='bbox 224 2372 360 2437; x_wconf 86' lang='lat' dir='ltr'><strong>dicendis</strong></span> <span class='ocrx_word' id='word_1_139' title='bbox 382 2370 461 2435; x_wconf 83' lang='lat' dir='ltr'><strong>inlra</strong></span> <span class='ocrx_word' id='word_1_140' title='bbox 475 2393 562 2436; x_wconf 90' lang='lat' dir='ltr'><strong>num.</strong></span> <span class='ocrx_word' id='word_1_141' title='bbox 577 2375 632 2451; x_wconf 82' lang='lat'><strong>44,</strong></span> <span class='ocrx_word' id='word_1_142' title='bbox 646 2394 744 2456; x_wconf 89' lang='lat' dir='ltr'><strong>quum</strong></span> <span class='ocrx_word' id='word_1_143' title='bbox 759 2370 865 2436; x_wconf 86' lang='lat' dir='ltr'><strong>nullus</strong></span> <span class='ocrx_word' id='word_1_144' title='bbox 880 2373 919 2437; x_wconf 89' lang='lat' dir='ltr'><strong>sit</strong></span> <span class='ocrx_word' id='word_1_145' title='bbox 933 2372 1038 2436; x_wconf 85' lang='lat' dir='ltr'><strong>fluxus</strong></span> <span class='ocrx_word' id='word_1_146' title='bbox 1052 2371 1256 2458; x_wconf 88' lang='lat' dir='ltr'><strong>quandeitatis</strong></span> <span class='ocrx_word' id='word_1_147' title='bbox 1270 2394 1324 2456; x_wconf 89' lang='lat' dir='ltr'><strong>per</strong></span> 
     </span>
     <span class='ocr_line' id='line_1_19' title="bbox 223 2483 1325 2569; baseline 0.002 -23"><span class='ocrx_word' id='word_1_148' title='bbox 223 2483 480 2568; x_wconf 89' lang='lat' dir='ltr'><strong>comparationem</strong></span> <span class='ocrx_word' id='word_1_149' title='bbox 508 2484 548 2548; x_wconf 89' lang='lat' dir='ltr'><strong>ad</strong></span> <span class='ocrx_word' id='word_1_150' title='bbox 577 2485 787 2551; x_wconf 77' lang='lat' dir='ltr'><strong>aeternitatem.</strong></span> <span class='ocrx_word' id='word_1_151' title='bbox 835 2485 869 2549; x_wconf 87' lang='lat' dir='ltr'><strong>Si</strong></span> <span class='ocrx_word' id='word_1_152' title='bbox 888 2506 958 2550; x_wconf 87' lang='lat' dir='ltr'><strong>vero</strong></span> <span class='ocrx_word' id='word_1_153' title='bbox 986 2486 1102 2569; x_wconf 81' lang='lat' dir='ltr'><strong>quondo</strong></span> <span class='ocrx_word' id='word_1_154' title='bbox 1131 2485 1175 2550; x_wconf 92' lang='lat' dir='ltr'><strong>rei</strong></span> <span class='ocrx_word' id='word_1_155' title='bbox 1200 2485 1325 2549; x_wconf 88' lang='lat' dir='ltr'><strong>fluentis</strong></span> 
     </span>
     <span class='ocr_line' id='line_1_20' title="bbox 223 2595 1325 2680; baseline 0.002 -22"><span class='ocrx_word' id='word_1_156' title='bbox 223 2604 417 2679; x_wconf 87' lang='lat' dir='ltr'><strong>comparatur</strong></span> <span class='ocrx_word' id='word_1_157' title='bbox 445 2595 485 2659; x_wconf 89' lang='lat' dir='ltr'><strong>ad</strong></span> <span class='ocrx_word' id='word_1_158' title='bbox 514 2595 599 2659; x_wconf 90' lang='lat' dir='ltr'><strong>aliud</strong></span> <span class='ocrx_word' id='word_1_159' title='bbox 628 2597 743 2680; x_wconf 83' lang='lat' dir='ltr'><strong>quondo</strong></span> <span class='ocrx_word' id='word_1_160' title='bbox 772 2595 909 2661; x_wconf 89' lang='lat' dir='ltr'><strong>eiusdem</strong></span> <span class='ocrx_word' id='word_1_161' title='bbox 937 2596 981 2661; x_wconf 90' lang='lat' dir='ltr'><strong>rei</strong></span> <span class='ocrx_word' id='word_1_162' title='bbox 1003 2595 1136 2676; x_wconf 84' lang='lat' dir='ltr'><strong>fluentis,</strong></span> <span class='ocrx_word' id='word_1_163' title='bbox 1162 2596 1325 2661; x_wconf 89' lang='lat' dir='ltr'><strong>habebitur</strong></span> 
     </span>
     <span class='ocr_line' id='line_1_21' title="bbox 225 2705 1325 2790; baseline 0.002 -21"><span class='ocrx_word' id='word_1_164' title='bbox 225 2707 340 2790; x_wconf 76' lang='lat' dir='ltr'><strong>quando</strong></span> <span class='ocrx_word' id='word_1_165' title='bbox 365 2705 535 2785; x_wconf 86' lang='lat' dir='ltr'><strong>relativum,</strong></span> <span class='ocrx_word' id='word_1_166' title='bbox 563 2729 617 2771; x_wconf 90' lang='lat' dir='ltr'><strong>seu</strong></span> <span class='ocrx_word' id='word_1_167' title='bbox 643 2706 752 2771; x_wconf 86' lang='lat' dir='ltr'><strong>modus</strong></span> <span class='ocrx_word' id='word_1_168' title='bbox 774 2707 903 2772; x_wconf 87' lang='lat' dir='ltr'><strong>actualis</strong></span> <span class='ocrx_word' id='word_1_169' title='bbox 927 2707 1077 2772; x_wconf 82' lang='lat' dir='ltr'><strong>existendi</strong></span> <span class='ocrx_word' id='word_1_170' title='bbox 1101 2707 1135 2773; x_wconf 89' lang='lat' dir='ltr'><strong>in</strong></span> <span class='ocrx_word' id='word_1_171' title='bbox 1164 2708 1325 2772; x_wconf 87' lang='lat' dir='ltr'><strong>duratione</strong></span> 
     </span>
     <span class='ocr_line' id='line_1_22' title="bbox 225 2816 1325 2903; baseline 0.003 -22"><span class='ocrx_word' id='word_1_172' title='bbox 225 2816 366 2881; x_wconf 88' lang='lat' dir='ltr'><strong>relativa:</strong></span> <span class='ocrx_word' id='word_1_173' title='bbox 389 2817 442 2902; x_wconf 91' lang='lat' dir='ltr'><strong>qui</strong></span> <span class='ocrx_word' id='word_1_174' title='bbox 452 2816 563 2881; x_wconf 91' lang='lat' dir='ltr'><strong>modus</strong></span> <span class='ocrx_word' id='word_1_175' title='bbox 578 2817 727 2882; x_wconf 83' lang='lat' dir='ltr'><strong>existendi</strong></span> <span class='ocrx_word' id='word_1_176' title='bbox 741 2840 839 2903; x_wconf 92' lang='lat' dir='ltr'><strong>quum</strong></span> <span class='ocrx_word' id='word_1_177' title='bbox 853 2818 1018 2903; x_wconf 89' lang='lat' dir='ltr'><strong>accipiatur</strong></span> <span class='ocrx_word' id='word_1_178' title='bbox 1027 2817 1158 2900; x_wconf 84' lang='lat' dir='ltr'><strong>relative,</strong></span> <span class='ocrx_word' id='word_1_179' title='bbox 1174 2819 1325 2903; x_wconf 84' lang='lat' dir='ltr'><strong>significat</strong></span> 
     </span>
     <span class='ocr_line' id='line_1_23' title="bbox 191 2927 1326 3014; baseline 0.002 -23"><span class='ocrx_word' id='word_1_180' title='bbox 191 2958 194 2964; x_wconf 90' lang='lat'>·</span> <span class='ocrx_word' id='word_1_181' title='bbox 225 2929 257 2991; x_wconf 93' lang='lat' dir='ltr'><strong>in</strong></span> <span class='ocrx_word' id='word_1_182' title='bbox 281 2929 339 2993; x_wconf 91' lang='lat' dir='ltr'><strong>boc</strong></span> <span class='ocrx_word' id='word_1_183' title='bbox 367 2928 434 2991; x_wconf 90' lang='lat' dir='ltr'><strong>loco</strong></span> <span class='ocrx_word' id='word_1_184' title='bbox 463 2928 590 2992; x_wconf 89' lang='lat' dir='ltr'><strong>modum</strong></span> <span class='ocrx_word' id='word_1_185' title='bbox 621 2927 815 2995; x_wconf 67' lang='lat' dir='ltr'><strong>terminandi.</strong></span> <span class='ocrx_word' id='word_1_186' title='bbox 835 2928 1013 2994; x_wconf 83' lang='lat' dir='ltr'><strong>relationem</strong></span> <span class='ocrx_word' id='word_1_187' title='bbox 1042 2930 1122 2994; x_wconf 86' lang='lat' dir='ltr'><strong>inter</strong></span> <span class='ocrx_word' id='word_1_188' title='bbox 1150 2931 1266 3014; x_wconf 83' lang='lat' dir='ltr'><strong>quaudo</strong></span> <span class='ocrx_word' id='word_1_189' title='bbox 1294 2939 1326 2994; x_wconf 91' lang='lat' dir='ltr'><strong>et</strong></span> 
     </span>
     <span class='ocr_line' id='line_1_24' title="bbox 226 3038 1326 3127; baseline 0.005 -24"><span class='ocrx_word' id='word_1_190' title='bbox 226 3041 351 3124; x_wconf 81' lang='lat' dir='ltr'><strong>quondo.</strong></span> <span class='ocrx_word' id='word_1_191' title='bbox 398 3039 441 3103; x_wconf 92' lang='lat' dir='ltr'><strong>Hi</strong></span> <span class='ocrx_word' id='word_1_192' title='bbox 466 3039 601 3119; x_wconf 89' lang='lat' dir='ltr'><strong>termini,</strong></span> <span class='ocrx_word' id='word_1_193' title='bbox 628 3049 664 3105; x_wconf 91' lang='lat' dir='ltr'><strong>ut</strong></span> <span class='ocrx_word' id='word_1_194' title='bbox 687 3040 774 3105; x_wconf 89' lang='lat' dir='ltr'><strong>relati</strong></span> <span class='ocrx_word' id='word_1_195' title='bbox 799 3041 838 3106; x_wconf 93' lang='lat' dir='ltr'><strong>ad</strong></span> <span class='ocrx_word' id='word_1_196' title='bbox 862 3041 1001 3122; x_wconf 85' lang='lat' dir='ltr'><strong>invicem,</strong></span> <span class='ocrx_word' id='word_1_197' title='bbox 1021 3042 1167 3107; x_wconf 89' lang='lat' dir='ltr'><strong>dicuntur</strong></span> <span class='ocrx_word' id='word_1_198' title='bbox 1186 3046 1273 3127; x_wconf 64' lang='lat' dir='ltr'><strong>pauc</strong></span> <span class='ocrx_word' id='word_1_199' title='bbox 1294 3038 1326 3109; x_wconf 74' lang='lat' dir='ltr'><strong>et</strong></span> 
     </span>
     <span class='ocr_line' id='line_1_25' title="bbox 219 3156 326 3236; baseline 0.009 -20"><span class='ocrx_word' id='word_1_200' title='bbox 219 3156 326 3236; x_wconf 84' lang='lat' dir='ltr'><strong>post*.</strong></span> 
     </span>
     <span class='ocr_line' id='line_1_26' title="bbox 228 3262 1328 3354; baseline 0.005 -27"><span class='ocrx_word' id='word_1_201' title='bbox 228 3331 231 3335; x_wconf 69' lang='grc'><strong>,</strong></span> <span class='ocrx_word' id='word_1_202' title='bbox 269 3262 388 3328; x_wconf 84' lang='lat' dir='ltr'><strong>Relatio</strong></span> <span class='ocrx_word' id='word_1_203' title='bbox 403 3263 483 3328; x_wconf 87' lang='lat' dir='ltr'><strong>inter</strong></span> <span class='ocrx_word' id='word_1_204' title='bbox 497 3265 614 3347; x_wconf 77' lang='lat' dir='ltr'><strong>quando</strong></span> <span class='ocrx_word' id='word_1_205' title='bbox 628 3272 659 3327; x_wconf 90' lang='lat' dir='ltr'><strong>et</strong></span> <span class='ocrx_word' id='word_1_206' title='bbox 674 3268 790 3348; x_wconf 77' lang='lat' dir='ltr'><strong>quondo</strong></span> <span class='ocrx_word' id='word_1_207' title='bbox 806 3266 973 3331; x_wconf 87' lang='lat' dir='ltr'><strong>secundum</strong></span> <span class='ocrx_word' id='word_1_208' title='bbox 988 3268 1074 3352; x_wconf 89' lang='lat' dir='ltr'><strong>prius</strong></span> <span class='ocrx_word' id='word_1_209' title='bbox 1088 3277 1119 3333; x_wconf 90' lang='lat' dir='ltr'><strong>et</strong></span> <span class='ocrx_word' id='word_1_210' title='bbox 1134 3278 1204 3354; x_wconf 92' lang='lat' dir='ltr'><strong>post</strong></span> <span class='ocrx_word' id='word_1_211' title='bbox 1215 3268 1328 3334; x_wconf 90' lang='lat' dir='ltr'><strong>dicitur</strong></span> 
     </span>
     <span class='ocr_line' id='line_1_27' title="bbox 226 3355 1327 3464; baseline 0.005 -26"><span class='ocrx_word' id='word_1_212' title='bbox 226 3374 318 3438; x_wconf 90' lang='lat' dir='ltr'><strong>etiam</strong></span> <span class='ocrx_word' id='word_1_213' title='bbox 341 3374 536 3439; x_wconf 90' lang='lat' dir='ltr'><strong>intervallum</strong></span> <span class='ocrx_word' id='word_1_214' title='bbox 564 3374 753 3441; x_wconf 84' lang='lat' dir='ltr'><strong>durationis:</strong></span> <span class='ocrx_word' id='word_1_215' title='bbox 776 3386 818 3456; x_wconf 92' lang='lat' dir='ltr'><strong>et,</strong></span> <span class='ocrx_word' id='word_1_216' title='bbox 842 3386 878 3441; x_wconf 90' lang='lat' dir='ltr'><strong>nt</strong></span> <span class='ocrx_word' id='word_1_217' title='bbox 904 3378 945 3441; x_wconf 91' lang='lat' dir='ltr'><strong>sit</strong></span> <span class='ocrx_word' id='word_1_218' title='bbox 970 3379 1068 3458; x_wconf 86' lang='lat' dir='ltr'><strong>realis,</strong></span> <span class='ocrx_word' id='word_1_219' title='bbox 1090 3355 1224 3464; x_wconf 87' lang='lat' dir='ltr'><strong>postulat</strong></span> <span class='ocrx_word' id='word_1_220' title='bbox 1249 3379 1327 3446; x_wconf 91' lang='lat' dir='ltr'><strong>duos</strong></span> 
     </span>
     <span class='ocr_line' id='line_1_28' title="bbox 227 3486 690 3552; baseline 0.006 -3"><span class='ocrx_word' id='word_1_221' title='bbox 227 3487 372 3550; x_wconf 90' lang='lat' dir='ltr'><strong>terminos</strong></span> <span class='ocrx_word' id='word_1_222' title='bbox 387 3486 481 3551; x_wconf 88' lang='lat' dir='ltr'><strong>reales</strong></span> <span class='ocrx_word' id='word_1_223' title='bbox 497 3487 690 3552; x_wconf 88' lang='lat' dir='ltr'><strong>successivos.</strong></span> 
     </span>
    </p>

    <p class='ocr_par' dir='ltr' id='par_1_5' title="bbox 270 3596 1075 3683">
     <span class='ocr_line' id='line_1_29' title="bbox 270 3596 1075 3683; baseline 0.007 -22"><span class='ocrx_word' id='word_1_224' title='bbox 270 3600 322 3663; x_wconf 84' lang='lat'><strong>39.</strong></span> <span class='ocrx_word' id='word_1_225' title='bbox 346 3596 502 3673; x_wconf 75' lang='lat' dir='ltr'><strong>Quaeritur</strong></span> <span class='ocrx_word' id='word_1_226' title='bbox 517 3598 656 3683; x_wconf 87' lang='lat' dir='ltr'><strong>septimo,</strong></span> <span class='ocrx_word' id='word_1_227' title='bbox 673 3600 797 3683; x_wconf 76' lang='lat' dir='ltr'><strong>quidest</strong></span> <span class='ocrx_word' id='word_1_228' title='bbox 811 3601 927 3667; x_wconf 60' lang='lat' dir='ltr'><strong>ductio</strong></span> <span class='ocrx_word' id='word_1_229' title='bbox 941 3602 1075 3667; x_wconf 81' lang='lat' dir='ltr'><strong>relativa.</strong></span> 
     </span>
    </p>

    <p class='ocr_par' dir='ltr' id='par_1_6' title="bbox 226 3708 1327 3912">
     <span class='ocr_line' id='line_1_30' title="bbox 270 3708 1326 3800; baseline 0.009 -28"><span class='ocrx_word' id='word_1_230' title='bbox 270 3708 461 3794; x_wconf 85' lang='lat' dir='ltr'><strong>Respondeo,</strong></span> <span class='ocrx_word' id='word_1_231' title='bbox 475 3710 668 3774; x_wconf 88' lang='lat' dir='ltr'><strong>durationem</strong></span> <span class='ocrx_word' id='word_1_232' title='bbox 680 3711 836 3776; x_wconf 90' lang='lat' dir='ltr'><strong>relativam</strong></span> <span class='ocrx_word' id='word_1_233' title='bbox 847 3735 913 3778; x_wconf 87' lang='lat' dir='ltr'><strong>esse</strong></span> <span class='ocrx_word' id='word_1_234' title='bbox 927 3713 1103 3779; x_wconf 89' lang='lat' dir='ltr'><strong>relationem</strong></span> <span class='ocrx_word' id='word_1_235' title='bbox 1118 3716 1198 3780; x_wconf 89' lang='lat' dir='ltr'><strong>inter</strong></span> <span class='ocrx_word' id='word_1_236' title='bbox 1212 3718 1326 3800; x_wconf 62' lang='lat' dir='ltr'><strong>wado</strong></span> 
     </span>
     <span class='ocr_line' id='line_1_31' title="bbox 226 3804 1327 3912; baseline 0.007 -28"><span class='ocrx_word' id='word_1_237' title='bbox 226 3829 257 3885; x_wconf 91' lang='lat' dir='ltr'><strong>et</strong></span> <span class='ocrx_word' id='word_1_238' title='bbox 279 3821 394 3905; x_wconf 81' lang='lat' dir='ltr'><strong>quondo</strong></span> <span class='ocrx_word' id='word_1_239' title='bbox 416 3820 571 3887; x_wconf 90' lang='lat' dir='ltr'><strong>distincta.</strong></span> <span class='ocrx_word' id='word_1_240' title='bbox 617 3804 866 3888; x_wconf 83' lang='lat' dir='ltr'><strong>Fundamentum</strong></span> <span class='ocrx_word' id='word_1_241' title='bbox 886 3848 956 3889; x_wconf 89' lang='lat' dir='ltr'><strong>vero</strong></span> <span class='ocrx_word' id='word_1_242' title='bbox 977 3826 1142 3906; x_wconf 86' lang='lat' dir='ltr'><strong>relationis,</strong></span> <span class='ocrx_word' id='word_1_243' title='bbox 1158 3826 1327 3912; x_wconf 81' lang='lat' dir='ltr'><strong>secundum</strong></span> 
     </span>
    </p>
   </div>
   <div class='ocr_carea' id='block_1_3' title="bbox 264 4008 1451 4085">
    <p class='ocr_par' dir='ltr' id='par_1_7' title="bbox 264 4008 1451 4085">
     <span class='ocr_line' id='line_1_32' title="bbox 264 4008 1451 4085; baseline 0.009 -23"><span class='ocrx_word' id='word_1_244' title='bbox 264 4011 277 4039; x_wconf 86' lang='lat'><em>*</em></span> <span class='ocrx_word' id='word_1_245' title='bbox 294 4008 324 4063; x_wconf 83' lang='lat' dir='ltr'><strong>si</strong></span> <span class='ocrx_word' id='word_1_246' title='bbox 333 4010 435 4079; x_wconf 74' lang='lat' dir='ltr'><strong>quando</strong></span> <span class='ocrx_word' id='word_1_247' title='bbox 446 4010 528 4064; x_wconf 90' lang='lat' dir='ltr'><strong>unius</strong></span> <span class='ocrx_word' id='word_1_248' title='bbox 539 4016 669 4066; x_wconf 84' lang='lat' dir='ltr'><strong>creaturae</strong></span> <span class='ocrx_word' id='word_1_249' title='bbox 681 4018 852 4085; x_wconf 87' lang='lat' dir='ltr'><strong>comparatur</strong></span> <span class='ocrx_word' id='word_1_250' title='bbox 862 4013 898 4069; x_wconf 87' lang='lat' dir='ltr'><strong>ad</strong></span> <span class='ocrx_word' id='word_1_251' title='bbox 908 4016 1011 4085; x_wconf 82' lang='lat' dir='ltr'><strong>quando</strong></span> <span class='ocrx_word' id='word_1_252' title='bbox 1023 4015 1133 4071; x_wconf 84' lang='lat' dir='ltr'><strong>ulterius</strong></span> <span class='ocrx_word' id='word_1_253' title='bbox 1144 4022 1272 4072; x_wconf 79' lang='lat' dir='ltr'><strong>creaturae</strong></span> <span class='ocrx_word' id='word_1_254' title='bbox 1282 4036 1327 4071; x_wconf 92' lang='lat' dir='ltr'><strong>co-</strong></span> <span class='ocrx_word' id='word_1_255' title='bbox 1447 4023 1451 4032; x_wconf 92' lang='grc'><strong><em>’</em></strong></span> 
     </span>
    </p>
   </div>
   <div class='ocr_carea' id='block_1_4' title="bbox 220 4096 1330 4520">
    <p class='ocr_par' dir='ltr' id='par_1_8' title="bbox 220 4096 1330 4520">
     <span class='ocr_line' id='line_1_33' title="bbox 227 4096 1330 4176; baseline 0.006 -24"><span class='ocrx_word' id='word_1_256' title='bbox 227 4096 378 4166; x_wconf 87' lang='lat' dir='ltr'><strong>existentis,</strong></span> <span class='ocrx_word' id='word_1_257' title='bbox 392 4097 478 4151; x_wconf 85' lang='lat' dir='ltr'><strong>oritur</strong></span> <span class='ocrx_word' id='word_1_258' title='bbox 494 4098 590 4153; x_wconf 89' lang='lat' dir='ltr'><strong>relatio</strong></span> <span class='ocrx_word' id='word_1_259' title='bbox 608 4097 837 4155; x_wconf 85' lang='lat' dir='ltr'><strong>simultanoitatis</strong></span> <span class='ocrx_word' id='word_1_260' title='bbox 875 4102 1036 4157; x_wconf 62' lang='lat' dir='ltr'><strong>&amp;multam</strong></span> <span class='ocrx_word' id='word_1_261' title='bbox 1053 4109 1139 4157; x_wconf 74' lang='lat' dir='ltr'><strong>mrtem</strong></span> <span class='ocrx_word' id='word_1_262' title='bbox 1150 4111 1217 4173; x_wconf 82' lang='lat' dir='ltr'><strong>cant,</strong></span> <span class='ocrx_word' id='word_1_263' title='bbox 1230 4123 1287 4176; x_wconf 79' lang='lat' dir='ltr'><strong>quor</strong></span> <span class='ocrx_word' id='word_1_264' title='bbox 1298 4107 1330 4159; x_wconf 87' lang='lat' dir='ltr'><strong>dc</strong></span> 
     </span>
     <span class='ocr_line' id='line_1_34' title="bbox 220 4186 1329 4261; baseline 0.006 -20"><span class='ocrx_word' id='word_1_265' title='bbox 220 4187 298 4260; x_wconf 86' lang='lat' dir='ltr'><strong>sacto</strong></span> <span class='ocrx_word' id='word_1_266' title='bbox 310 4205 361 4240; x_wconf 83' lang='lat' dir='ltr'><strong>aon</strong></span> <span class='ocrx_word' id='word_1_267' title='bbox 373 4204 399 4239; x_wconf 83' lang='lat' dir='ltr'><strong>ec</strong></span> <span class='ocrx_word' id='word_1_268' title='bbox 408 4186 552 4255; x_wconf 73' lang='lat' dir='ltr'><strong>excludunt,</strong></span> <span class='ocrx_word' id='word_1_269' title='bbox 562 4186 627 4259; x_wconf 91' lang='lat' dir='ltr'><strong>quia</strong></span> <span class='ocrx_word' id='word_1_270' title='bbox 638 4206 685 4261; x_wconf 87' lang='lat' dir='ltr'><strong>per</strong></span> <span class='ocrx_word' id='word_1_271' title='bbox 693 4189 779 4243; x_wconf 86' lang='lat' dir='ltr'><strong>solam</strong></span> <span class='ocrx_word' id='word_1_272' title='bbox 790 4190 924 4245; x_wconf 81' lang='lat' dir='ltr'><strong>actrmlem</strong></span> <span class='ocrx_word' id='word_1_273' title='bbox 936 4190 1119 4246; x_wconf 83' lang='lat' dir='ltr'><strong>exclusionem</strong></span> <span class='ocrx_word' id='word_1_274' title='bbox 1127 4191 1214 4246; x_wconf 90' lang='lat' dir='ltr'><strong>oritur</strong></span> <span class='ocrx_word' id='word_1_275' title='bbox 1221 4209 1329 4248; x_wconf 88' lang='lat' dir='ltr'><strong>succes·</strong></span> 
     </span>
     <span class='ocr_line' id='line_1_35' title="bbox 227 4273 1328 4346; baseline 0.005 -17"><span class='ocrx_word' id='word_1_276' title='bbox 227 4275 275 4343; x_wconf 89' lang='lat' dir='ltr'><strong>sio,</strong></span> <span class='ocrx_word' id='word_1_277' title='bbox 288 4278 319 4328; x_wconf 93' lang='lat' dir='ltr'><strong>ut</strong></span> <span class='ocrx_word' id='word_1_278' title='bbox 336 4273 490 4327; x_wconf 88' lang='lat' dir='ltr'><strong>notavimus</strong></span> <span class='ocrx_word' id='word_1_279' title='bbox 508 4292 588 4346; x_wconf 91' lang='lat' dir='ltr'><strong>supra</strong></span> <span class='ocrx_word' id='word_1_280' title='bbox 605 4293 668 4329; x_wconf 88' lang='lat' dir='ltr'><strong>cum</strong></span> <span class='ocrx_word' id='word_1_281' title='bbox 685 4276 801 4331; x_wconf 84' lang='lat' dir='ltr'><strong>Balmes.</strong></span> <span class='ocrx_word' id='word_1_282' title='bbox 839 4276 1044 4333; x_wconf 82' lang='lat' dir='ltr'><strong>Simultanoitas</strong></span> <span class='ocrx_word' id='word_1_283' title='bbox 1061 4296 1125 4333; x_wconf 85' lang='lat' dir='ltr'><strong>vero</strong></span> <span class='ocrx_word' id='word_1_284' title='bbox 1142 4279 1246 4333; x_wconf 89' lang='lat' dir='ltr'><strong>nullam</strong></span> <span class='ocrx_word' id='word_1_285' title='bbox 1263 4298 1328 4335; x_wconf 91' lang='lat' dir='ltr'><strong>con-</strong></span> 
     </span>
     <span class='ocr_line' id='line_1_36' title="bbox 226 4358 1329 4439; baseline 0.005 -24"><span class='ocrx_word' id='word_1_286' title='bbox 226 4361 297 4415; x_wconf 88' lang='lat' dir='ltr'><strong>tinet</strong></span> <span class='ocrx_word' id='word_1_287' title='bbox 314 4358 446 4414; x_wconf 86' lang='lat' dir='ltr'><strong>rationem</strong></span> <span class='ocrx_word' id='word_1_288' title='bbox 464 4361 600 4434; x_wconf 84' lang='lat' dir='ltr'><strong>temporis,</strong></span> <span class='ocrx_word' id='word_1_289' title='bbox 618 4362 684 4417; x_wconf 92' lang='lat' dir='ltr'><strong>licet</strong></span> <span class='ocrx_word' id='word_1_290' title='bbox 701 4362 810 4418; x_wconf 87' lang='lat' dir='ltr'><strong>termini</strong></span> <span class='ocrx_word' id='word_1_291' title='bbox 827 4364 982 4419; x_wconf 88' lang='lat' dir='ltr'><strong>simultanei</strong></span> <span class='ocrx_word' id='word_1_292' title='bbox 999 4364 1160 4420; x_wconf 87' lang='lat' dir='ltr'><strong>simultauee</strong></span> <span class='ocrx_word' id='word_1_293' title='bbox 1178 4366 1265 4423; x_wconf 88' lang='lat' dir='ltr'><strong>fluant</strong></span> <span class='ocrx_word' id='word_1_294' title='bbox 1281 4385 1329 4439; x_wconf 90' lang='lat' dir='ltr'><strong>per</strong></span> 
     </span>
     <span class='ocr_line' id='line_1_37' title="bbox 227 4446 493 4520; baseline -0.008 -18"><span class='ocrx_word' id='word_1_295' title='bbox 227 4447 301 4519; x_wconf 86' lang='lat' dir='ltr'><strong>prius</strong></span> <span class='ocrx_word' id='word_1_296' title='bbox 313 4452 341 4501; x_wconf 89' lang='lat' dir='ltr'><strong>et</strong></span> <span class='ocrx_word' id='word_1_297' title='bbox 353 4446 493 4520; x_wconf 84' lang='lat' dir='ltr'><strong>posterius.</strong></span> 
     </span>
    </p>
   </div>
   <div class='ocr_carea' id='block_1_5' title="bbox 0 0 1616 4984">
    <p class='ocr_par' dir='ltr' id='par_1_9' title="bbox 0 0 1616 4984">
     <span class='ocr_line' id='line_1_38' title="bbox 0 0 1616 4984; baseline 0 0"><span class='ocrx_word' id='word_1_298' title='bbox 0 0 1616 4984; x_wconf 95' lang='lat' dir='ltr'><strong> </strong></span> 
     </span>
    </p>
   </div>
  </div>
 </body>
</html>
