<?xml version="1.0" encoding="UTF-8"?>
<!DOCTYPE html PUBLIC "-//W3C//DTD XHTML 1.0 Transitional//EN"
    "http://www.w3.org/TR/xhtml1/DTD/xhtml1-transitional.dtd">
<html xmlns="http://www.w3.org/1999/xhtml" xml:lang="en" lang="en">
 <head>
  <title>
</title>
<meta http-equiv="Content-Type" content="text/html;charset=utf-8" />
  <meta name='ocr-system' content='tesseract 3.04.00' />
  <meta name='ocr-capabilities' content='ocr_page ocr_carea ocr_par ocr_line ocrx_word'/>
</head>
<body>
  <div class='ocr_page' id='page_1' title='image "./realisphilosoph00baymgoog_0250.png"; bbox 0 0 3200 4984; ppageno 0'>
   <div class='ocr_carea' id='block_1_1' title="bbox 304 399 1405 484">
    <p class='ocr_par' dir='ltr' id='par_1_1' title="bbox 304 399 1405 484">
     <span class='ocr_line' id='line_1_1' title="bbox 304 399 1405 484; baseline -0.004 -19"><span class='ocrx_word' id='word_1_1' title='bbox 304 400 369 465; x_wconf 79' lang='lat'><strong>282</strong></span> <span class='ocrx_word' id='word_1_2' title='bbox 602 420 645 465; x_wconf 86' lang='lat' dir='ltr'><strong>nr</strong></span> <span class='ocrx_word' id='word_1_3' title='bbox 661 420 865 465; x_wconf 78' lang='lat' dir='ltr'><strong>snssrsurrs</strong></span> <span class='ocrx_word' id='word_1_4' title='bbox 882 420 1065 465; x_wconf 79' lang='lat' dir='ltr'><strong>conrasas.</strong></span> <span class='ocrx_word' id='word_1_5' title='bbox 1246 399 1330 484; x_wconf 74' lang='lat' dir='ltr'><strong>[cnr.</strong></span> <span class='ocrx_word' id='word_1_6' title='bbox 1348 420 1405 462; x_wconf 87' lang='lat'>111.</span> 
     </span>
    </p>
   </div>
   <div class='ocr_carea' id='block_1_2' title="bbox 303 588 1497 3032">
    <p class='ocr_par' dir='ltr' id='par_1_2' title="bbox 303 588 1497 3032">
     <span class='ocr_line' id='line_1_2' title="bbox 306 588 1497 682; baseline 0 -24"><span class='ocrx_word' id='word_1_7' title='bbox 306 593 398 659; x_wconf 81' lang='lat' dir='ltr'><strong>simul</strong></span> <span class='ocrx_word' id='word_1_8' title='bbox 423 604 455 660; x_wconf 96' lang='lat' dir='ltr'><strong>et</strong></span> <span class='ocrx_word' id='word_1_9' title='bbox 478 606 690 682; x_wconf 73' lang='lat' dir='ltr'><strong>permanenter</strong></span> <span class='ocrx_word' id='word_1_10' title='bbox 710 599 744 661; x_wconf 89' lang='lat' dir='ltr'><strong>in</strong></span> <span class='ocrx_word' id='word_1_11' title='bbox 764 607 904 663; x_wconf 89' lang='lat' dir='ltr'><strong>centrum</strong></span> <span class='ocrx_word' id='word_1_12' title='bbox 921 622 949 663; x_wconf 90' lang='lat' dir='ltr'><strong>o.</strong></span> <span class='ocrx_word' id='word_1_13' title='bbox 995 598 1063 661; x_wconf 86' lang='lat' dir='ltr'><strong>Hoc</strong></span> <span class='ocrx_word' id='word_1_14' title='bbox 1085 595 1195 682; x_wconf 90' lang='lat' dir='ltr'><strong>posito,</strong></span> <span class='ocrx_word' id='word_1_15' title='bbox 1219 594 1402 660; x_wconf 89' lang='lat' dir='ltr'><strong>simundus</strong></span> <span class='ocrx_word' id='word_1_16' title='bbox 1491 588 1497 618; x_wconf 66' lang='lat'><strong>³</strong></span> 
     </span>
     <span class='ocr_line' id='line_1_3' title="bbox 304 705 1402 794; baseline -0.002 -24"><span class='ocrx_word' id='word_1_17' title='bbox 304 708 464 771; x_wconf 88' lang='lat' dir='ltr'><strong>universus</strong></span> <span class='ocrx_word' id='word_1_18' title='bbox 486 710 675 794; x_wconf 82' lang='lat' dir='ltr'>concipiatur</span> <span class='ocrx_word' id='word_1_19' title='bbox 691 720 849 794; x_wconf 76' lang='lat' dir='ltr'><strong>tamquam</strong></span> <span class='ocrx_word' id='word_1_20' title='bbox 871 710 1019 773; x_wconf 88' lang='lat' dir='ltr'><strong>immensa</strong></span> <span class='ocrx_word' id='word_1_21' title='bbox 1035 709 1155 792; x_wconf 85' lang='lat' dir='ltr'><strong>sphaera</strong></span> <span class='ocrx_word' id='word_1_22' title='bbox 1176 707 1287 771; x_wconf 85' lang='lat' dir='ltr'><strong>aethere</strong></span> <span class='ocrx_word' id='word_1_23' title='bbox 1302 705 1402 791; x_wconf 89' lang='lat' dir='ltr'><strong>plena,</strong></span> 
     </span>
     <span class='ocr_line' id='line_1_4' title="bbox 305 818 1403 905; baseline -0.003 -22"><span class='ocrx_word' id='word_1_24' title='bbox 305 818 358 883; x_wconf 90' lang='lat' dir='ltr'><strong>sed</strong></span> <span class='ocrx_word' id='word_1_25' title='bbox 380 830 534 903; x_wconf 88' lang='lat' dir='ltr'><strong>ponantur</strong></span> <span class='ocrx_word' id='word_1_26' title='bbox 554 830 698 905; x_wconf 86' lang='lat' dir='ltr'><strong>praeterea</strong></span> <span class='ocrx_word' id='word_1_27' title='bbox 717 829 823 885; x_wconf 84' lang='lat' dir='ltr'><strong>natare</strong></span> <span class='ocrx_word' id='word_1_28' title='bbox 844 821 877 884; x_wconf 90' lang='lat' dir='ltr'><strong>in</strong></span> <span class='ocrx_word' id='word_1_29' title='bbox 901 821 960 884; x_wconf 91' lang='lat' dir='ltr'><strong>hoc</strong></span> <span class='ocrx_word' id='word_1_30' title='bbox 984 821 1096 885; x_wconf 84' lang='lat' dir='ltr'><strong>aethere</strong></span> <span class='ocrx_word' id='word_1_31' title='bbox 1120 818 1253 903; x_wconf 89' lang='lat' dir='ltr'><strong>plurima</strong></span> <span class='ocrx_word' id='word_1_32' title='bbox 1278 839 1403 902; x_wconf 88' lang='lat' dir='ltr'><strong>corpora</strong></span> 
     </span>
     <span class='ocr_line' id='line_1_5' title="bbox 305 930 1402 1016; baseline -0.002 -22"><span class='ocrx_word' id='word_1_33' title='bbox 305 930 410 1009; x_wconf 90' lang='lat' dir='ltr'><strong>solida,</strong></span> <span class='ocrx_word' id='word_1_34' title='bbox 425 954 454 997; x_wconf 84' lang='lat' dir='ltr'><strong>v.</strong></span> <span class='ocrx_word' id='word_1_35' title='bbox 470 954 516 1016; x_wconf 90' lang='lat' dir='ltr'><strong>gr.</strong></span> <span class='ocrx_word' id='word_1_36' title='bbox 534 932 629 997; x_wconf 86' lang='lat' dir='ltr'><strong>stellae</strong></span> <span class='ocrx_word' id='word_1_37' title='bbox 649 956 719 997; x_wconf 90' lang='lat' dir='ltr'><strong>cum</strong></span> <span class='ocrx_word' id='word_1_38' title='bbox 743 933 928 998; x_wconf 86' lang='lat' dir='ltr'><strong>satellitibus</strong></span> <span class='ocrx_word' id='word_1_39' title='bbox 949 932 1049 996; x_wconf 89' lang='lat' dir='ltr'><strong>omnis</strong></span> <span class='ocrx_word' id='word_1_40' title='bbox 1072 930 1201 1016; x_wconf 90' lang='lat' dir='ltr'><strong>generis,</strong></span> <span class='ocrx_word' id='word_1_41' title='bbox 1223 931 1318 994; x_wconf 76' lang='lat' dir='ltr'><strong>ather</strong></span> <span class='ocrx_word' id='word_1_42' title='bbox 1340 952 1402 993; x_wconf 92' lang='lat' dir='ltr'><strong>nou</strong></span> 
     </span>
     <span class='ocr_line' id='line_1_6' title="bbox 304 1040 1403 1127; baseline -0.002 -21"><span class='ocrx_word' id='word_1_43' title='bbox 304 1052 430 1127; x_wconf 87' lang='lat' dir='ltr'><strong>cogetur</strong></span> <span class='ocrx_word' id='word_1_44' title='bbox 455 1044 591 1109; x_wconf 89' lang='lat' dir='ltr'><strong>oscillare</strong></span> <span class='ocrx_word' id='word_1_45' title='bbox 614 1044 652 1109; x_wconf 95' lang='lat' dir='ltr'><strong>ab</strong></span> <span class='ocrx_word' id='word_1_46' title='bbox 679 1068 742 1109; x_wconf 88' lang='lat' dir='ltr'><strong>una</strong></span> <span class='ocrx_word' id='word_1_47' title='bbox 765 1046 805 1110; x_wconf 91' lang='lat' dir='ltr'><strong>ad</strong></span> <span class='ocrx_word' id='word_1_48' title='bbox 828 1046 918 1110; x_wconf 88' lang='lat' dir='ltr'><strong>aliam</strong></span> <span class='ocrx_word' id='word_1_49' title='bbox 942 1044 1164 1109; x_wconf 76' lang='lat' dir='ltr'><strong>extremitatem</strong></span> <span class='ocrx_word' id='word_1_50' title='bbox 1188 1043 1323 1127; x_wconf 76' lang='lat' dir='ltr'><strong>sphaera,</strong></span> <span class='ocrx_word' id='word_1_51' title='bbox 1350 1040 1403 1104; x_wconf 88' lang='lat' dir='ltr'><strong>sed</strong></span> 
     </span>
     <span class='ocr_line' id='line_1_7' title="bbox 303 1152 1403 1241; baseline -0.002 -24"><span class='ocrx_word' id='word_1_52' title='bbox 303 1165 428 1239; x_wconf 89' lang='lat' dir='ltr'><strong>propter</strong></span> <span class='ocrx_word' id='word_1_53' title='bbox 454 1156 588 1220; x_wconf 79' lang='lat' dir='ltr'><strong>actiones</strong></span> <span class='ocrx_word' id='word_1_54' title='bbox 607 1178 767 1241; x_wconf 88' lang='lat' dir='ltr'><strong>corporum</strong></span> <span class='ocrx_word' id='word_1_55' title='bbox 787 1156 900 1241; x_wconf 89' lang='lat' dir='ltr'><strong>quibus</strong></span> <span class='ocrx_word' id='word_1_56' title='bbox 922 1155 1021 1239; x_wconf 88' lang='lat' dir='ltr'><strong>magis</strong></span> <span class='ocrx_word' id='word_1_57' title='bbox 1041 1155 1198 1240; x_wconf 80' lang='lat' dir='ltr'><strong>proximus</strong></span> <span class='ocrx_word' id='word_1_58' title='bbox 1217 1162 1274 1233; x_wconf 90' lang='lat' dir='ltr'><strong>est,</strong></span> <span class='ocrx_word' id='word_1_59' title='bbox 1294 1153 1334 1217; x_wconf 92' lang='lat' dir='ltr'><strong>ad</strong></span> <span class='ocrx_word' id='word_1_60' title='bbox 1351 1152 1403 1216; x_wconf 92' lang='lat' dir='ltr'><strong>illa</strong></span> 
     </span>
     <span class='ocr_line' id='line_1_8' title="bbox 305 1265 1403 1352; baseline -0.003 -22"><span class='ocrx_word' id='word_1_61' title='bbox 305 1288 429 1352; x_wconf 88' lang='lat' dir='ltr'><strong>corpora</strong></span> <span class='ocrx_word' id='word_1_62' title='bbox 444 1267 556 1351; x_wconf 85' lang='lat' dir='ltr'><strong>diriget</strong></span> <span class='ocrx_word' id='word_1_63' title='bbox 574 1268 786 1347; x_wconf 83' lang='lat' dir='ltr'><strong>oscillationer,</strong></span> <span class='ocrx_word' id='word_1_64' title='bbox 801 1278 958 1352; x_wconf 91' lang='lat' dir='ltr'><strong>tamquam</strong></span> <span class='ocrx_word' id='word_1_65' title='bbox 974 1267 1012 1332; x_wconf 88' lang='lat' dir='ltr'><strong>ad</strong></span> <span class='ocrx_word' id='word_1_66' title='bbox 1033 1277 1146 1344; x_wconf 90' lang='lat' dir='ltr'><strong>centra,</strong></span> <span class='ocrx_word' id='word_1_67' title='bbox 1163 1267 1189 1330; x_wconf 89' lang='lat' dir='ltr'><strong>si</strong></span> <span class='ocrx_word' id='word_1_68' title='bbox 1203 1265 1256 1329; x_wconf 89' lang='lat' dir='ltr'><strong>illa</strong></span> <span class='ocrx_word' id='word_1_69' title='bbox 1277 1287 1403 1349; x_wconf 90' lang='lat' dir='ltr'><strong>corpora</strong></span> 
     </span>
     <span class='ocr_line' id='line_1_9' title="bbox 305 1376 1404 1459; baseline 0.001 -19"><span class='ocrx_word' id='word_1_70' title='bbox 305 1377 367 1442; x_wconf 91' lang='lat' dir='ltr'><strong>sint</strong></span> <span class='ocrx_word' id='word_1_71' title='bbox 389 1378 537 1459; x_wconf 75' lang='lat' dir='ltr'><strong>densiora,</strong></span> <span class='ocrx_word' id='word_1_72' title='bbox 552 1380 600 1444; x_wconf 90' lang='lat' dir='ltr'><strong>vel</strong></span> <span class='ocrx_word' id='word_1_73' title='bbox 623 1381 681 1445; x_wconf 89' lang='lat' dir='ltr'><strong>alio</strong></span> <span class='ocrx_word' id='word_1_74' title='bbox 703 1379 794 1445; x_wconf 91' lang='lat' dir='ltr'><strong>modo</strong></span> <span class='ocrx_word' id='word_1_75' title='bbox 817 1379 948 1444; x_wconf 84' lang='lat' dir='ltr'><strong>deviabit</strong></span> <span class='ocrx_word' id='word_1_76' title='bbox 963 1404 981 1444; x_wconf 88' lang='lat' dir='ltr'><strong>a</strong></span> <span class='ocrx_word' id='word_1_77' title='bbox 995 1379 1161 1444; x_wconf 81' lang='lat' dir='ltr'><strong>directione</strong></span> <span class='ocrx_word' id='word_1_78' title='bbox 1182 1387 1295 1455; x_wconf 90' lang='lat' dir='ltr'><strong>motus,</strong></span> <span class='ocrx_word' id='word_1_79' title='bbox 1311 1379 1338 1440; x_wconf 87' lang='lat' dir='ltr'><strong>si</strong></span> <span class='ocrx_word' id='word_1_80' title='bbox 1351 1376 1404 1441; x_wconf 90' lang='lat' dir='ltr'><strong>illa</strong></span> 
     </span>
     <span class='ocr_line' id='line_1_10' title="bbox 304 1489 1404 1575; baseline -0.001 -23"><span class='ocrx_word' id='word_1_81' title='bbox 304 1510 429 1572; x_wconf 88' lang='lat' dir='ltr'><strong>corpora</strong></span> <span class='ocrx_word' id='word_1_82' title='bbox 454 1491 516 1554; x_wconf 91' lang='lat' dir='ltr'><strong>sint</strong></span> <span class='ocrx_word' id='word_1_83' title='bbox 541 1490 643 1554; x_wconf 87' lang='lat' dir='ltr'><strong>minus</strong></span> <span class='ocrx_word' id='word_1_84' title='bbox 669 1491 772 1570; x_wconf 88' lang='lat' dir='ltr'><strong>densa,</strong></span> <span class='ocrx_word' id='word_1_85' title='bbox 797 1501 834 1555; x_wconf 90' lang='lat' dir='ltr'><strong>ut</strong></span> <span class='ocrx_word' id='word_1_86' title='bbox 857 1491 988 1555; x_wconf 88' lang='lat' dir='ltr'><strong>arbitror</strong></span> <span class='ocrx_word' id='word_1_87' title='bbox 1008 1513 1073 1555; x_wconf 91' lang='lat' dir='ltr'><strong>esse</strong></span> <span class='ocrx_word' id='word_1_88' title='bbox 1094 1490 1265 1567; x_wconf 89' lang='lat' dir='ltr'><strong>verisimile,</strong></span> <span class='ocrx_word' id='word_1_89' title='bbox 1288 1489 1319 1551; x_wconf 91' lang='lat' dir='ltr'><strong>in</strong></span> <span class='ocrx_word' id='word_1_90' title='bbox 1346 1489 1404 1575; x_wconf 87' lang='lat' dir='ltr'><strong>hy-</strong></span> 
     </span>
     <span class='ocr_line' id='line_1_11' title="bbox 304 1600 1403 1687; baseline 0 -25"><span class='ocrx_word' id='word_1_91' title='bbox 304 1601 423 1683; x_wconf 86' lang='lat' dir='ltr'><strong>pothesi</strong></span> <span class='ocrx_word' id='word_1_92' title='bbox 439 1602 522 1686; x_wconf 92' lang='lat' dir='ltr'><strong>quod</strong></span> <span class='ocrx_word' id='word_1_93' title='bbox 542 1603 636 1666; x_wconf 83' lang='lat' dir='ltr'><strong>aether</strong></span> <span class='ocrx_word' id='word_1_94' title='bbox 655 1604 694 1667; x_wconf 88' lang='lat' dir='ltr'><strong>sit</strong></span> <span class='ocrx_word' id='word_1_95' title='bbox 709 1611 794 1667; x_wconf 88' lang='lat' dir='ltr'><strong>totus</strong></span> <span class='ocrx_word' id='word_1_96' title='bbox 814 1604 1002 1667; x_wconf 87' lang='lat' dir='ltr'><strong>attractivus.</strong></span> <span class='ocrx_word' id='word_1_97' title='bbox 1049 1601 1119 1681; x_wconf 85' lang='lat' dir='ltr'><strong>Sed,</strong></span> <span class='ocrx_word' id='word_1_98' title='bbox 1135 1600 1286 1687; x_wconf 90' lang='lat' dir='ltr'><strong>quidquid</strong></span> <span class='ocrx_word' id='word_1_99' title='bbox 1307 1601 1347 1663; x_wconf 92' lang='lat' dir='ltr'><strong>sit</strong></span> <span class='ocrx_word' id='word_1_100' title='bbox 1365 1600 1403 1663; x_wconf 91' lang='lat' dir='ltr'><strong>de</strong></span> 
     </span>
     <span class='ocr_line' id='line_1_12' title="bbox 304 1711 1403 1798; baseline -0.001 -23"><span class='ocrx_word' id='word_1_101' title='bbox 304 1712 372 1791; x_wconf 89' lang='lat' dir='ltr'><strong>hoo,</strong></span> <span class='ocrx_word' id='word_1_102' title='bbox 396 1722 531 1797; x_wconf 90' lang='lat' dir='ltr'><strong>apparet,</strong></span> <span class='ocrx_word' id='word_1_103' title='bbox 556 1715 655 1797; x_wconf 90' lang='lat' dir='ltr'><strong>posito</strong></span> <span class='ocrx_word' id='word_1_104' title='bbox 684 1714 796 1779; x_wconf 86' lang='lat' dir='ltr'><strong>oethere</strong></span> <span class='ocrx_word' id='word_1_105' title='bbox 825 1724 946 1779; x_wconf 87' lang='lat' dir='ltr'><strong>carente</strong></span> <span class='ocrx_word' id='word_1_106' title='bbox 974 1714 1088 1779; x_wconf 90' lang='lat' dir='ltr'><strong>viribus</strong></span> <span class='ocrx_word' id='word_1_107' title='bbox 1116 1712 1286 1798; x_wconf 87' lang='lat' dir='ltr'><strong>repulsivis,</strong></span> <span class='ocrx_word' id='word_1_108' title='bbox 1316 1711 1403 1775; x_wconf 90' lang='lat' dir='ltr'><strong>nullo</strong></span> 
     </span>
     <span class='ocr_line' id='line_1_13' title="bbox 304 1824 1333 1909; baseline 0 -22"><span class='ocrx_word' id='word_1_109' title='bbox 304 1824 396 1888; x_wconf 91' lang='lat' dir='ltr'><strong>modo</strong></span> <span class='ocrx_word' id='word_1_110' title='bbox 411 1826 496 1909; x_wconf 90' lang='lat' dir='ltr'><strong>sequi</strong></span> <span class='ocrx_word' id='word_1_111' title='bbox 512 1833 611 1890; x_wconf 90' lang='lat' dir='ltr'><strong>totum</strong></span> <span class='ocrx_word' id='word_1_112' title='bbox 627 1826 780 1890; x_wconf 88' lang='lat' dir='ltr'><strong>mundum</strong></span> <span class='ocrx_word' id='word_1_113' title='bbox 795 1825 903 1890; x_wconf 91' lang='lat' dir='ltr'><strong>debere</strong></span> <span class='ocrx_word' id='word_1_114' title='bbox 918 1826 950 1889; x_wconf 92' lang='lat' dir='ltr'><strong>in</strong></span> <span class='ocrx_word' id='word_1_115' title='bbox 967 1848 1063 1889; x_wconf 90' lang='lat' dir='ltr'><strong>unum</strong></span> <span class='ocrx_word' id='word_1_116' title='bbox 1078 1834 1228 1909; x_wconf 90' lang='lat' dir='ltr'><strong>punctum</strong></span> <span class='ocrx_word' id='word_1_117' title='bbox 1244 1824 1333 1887; x_wconf 90' lang='lat' dir='ltr'><strong>coire.</strong></span> 
     </span>
     <span class='ocr_line' id='line_1_14' title="bbox 348 1936 1402 2022; baseline -0.001 -23"><span class='ocrx_word' id='word_1_118' title='bbox 348 1936 458 2015; x_wconf 90' lang='lat' dir='ltr'><strong>Immo,</strong></span> <span class='ocrx_word' id='word_1_119' title='bbox 483 1936 603 2016; x_wconf 86' lang='lat' dir='ltr'><strong>addam,</strong></span> <span class='ocrx_word' id='word_1_120' title='bbox 627 1937 722 2001; x_wconf 87' lang='lat' dir='ltr'><strong>aether</strong></span> <span class='ocrx_word' id='word_1_121' title='bbox 750 1961 815 2002; x_wconf 93' lang='lat' dir='ltr'><strong>non</strong></span> <span class='ocrx_word' id='word_1_122' title='bbox 840 1937 1011 2022; x_wconf 79' lang='lat' dir='ltr'><strong>repulsivas</strong></span> <span class='ocrx_word' id='word_1_123' title='bbox 1034 1938 1161 2002; x_wconf 85' lang='lat' dir='ltr'><strong>fortasse</strong></span> <span class='ocrx_word' id='word_1_124' title='bbox 1191 1936 1402 2000; x_wconf 89' lang='lat' dir='ltr'><strong>subministrat</strong></span> 
     </span>
     <span class='ocr_line' id='line_1_15' title="bbox 304 2047 1403 2132; baseline 0.001 -22"><span class='ocrx_word' id='word_1_125' title='bbox 304 2047 430 2113; x_wconf 90' lang='lat' dir='ltr'><strong>modum</strong></span> <span class='ocrx_word' id='word_1_126' title='bbox 444 2049 566 2132; x_wconf 90' lang='lat' dir='ltr'><strong>planius</strong></span> <span class='ocrx_word' id='word_1_127' title='bbox 581 2048 716 2114; x_wconf 91' lang='lat' dir='ltr'><strong>solvendi</strong></span> <span class='ocrx_word' id='word_1_128' title='bbox 732 2050 942 2114; x_wconf 90' lang='lat' dir='ltr'><strong>difficultatem</strong></span> <span class='ocrx_word' id='word_1_129' title='bbox 960 2050 1051 2113; x_wconf 89' lang='lat' dir='ltr'><strong>aliam</strong></span> <span class='ocrx_word' id='word_1_130' title='bbox 1066 2059 1171 2114; x_wconf 90' lang='lat' dir='ltr'><strong>contra</strong></span> <span class='ocrx_word' id='word_1_131' title='bbox 1185 2050 1403 2113; x_wconf 87' lang='lat' dir='ltr'><strong>Nevvtonianos</strong></span> 
     </span>
     <span class='ocr_line' id='line_1_16' title="bbox 303 2160 1404 2247; baseline 0.002 -24"><span class='ocrx_word' id='word_1_132' title='bbox 303 2160 424 2239; x_wconf 82' lang='lat' dir='ltr'><strong>iactam,</strong></span> <span class='ocrx_word' id='word_1_133' title='bbox 440 2162 524 2245; x_wconf 90' lang='lat' dir='ltr'><strong>qnod</strong></span> <span class='ocrx_word' id='word_1_134' title='bbox 545 2185 654 2246; x_wconf 85' lang='lat' dir='ltr'><strong>nempe</strong></span> <span class='ocrx_word' id='word_1_135' title='bbox 669 2164 768 2247; x_wconf 91' lang='lat' dir='ltr'><strong>posita</strong></span> <span class='ocrx_word' id='word_1_136' title='bbox 790 2164 971 2227; x_wconf 85' lang='lat' dir='ltr'><strong>attractione</strong></span> <span class='ocrx_word' id='word_1_137' title='bbox 985 2162 1148 2227; x_wconf 89' lang='lat' dir='ltr'><strong>universali</strong></span> <span class='ocrx_word' id='word_1_138' title='bbox 1168 2163 1260 2227; x_wconf 82' lang='lat' dir='ltr'><strong>atella</strong></span> <span class='ocrx_word' id='word_1_139' title='bbox 1282 2163 1404 2226; x_wconf 57' lang='lat' dir='ltr'><strong>&amp;beant</strong></span> 
     </span>
     <span class='ocr_line' id='line_1_17' title="bbox 304 2271 1403 2359; baseline 0.002 -24"><span class='ocrx_word' id='word_1_140' title='bbox 304 2271 346 2336; x_wconf 88' lang='lat' dir='ltr'><strong>ad</strong></span> <span class='ocrx_word' id='word_1_141' title='bbox 364 2274 485 2337; x_wconf 81' lang='lat' dir='ltr'><strong>invicem</strong></span> <span class='ocrx_word' id='word_1_142' title='bbox 506 2276 648 2353; x_wconf 77' lang='lat' dir='ltr'><strong>accedere,</strong></span> <span class='ocrx_word' id='word_1_143' title='bbox 664 2283 694 2338; x_wconf 84' lang='lat' dir='ltr'><strong>et</strong></span> <span class='ocrx_word' id='word_1_144' title='bbox 708 2275 858 2359; x_wconf 83' lang='lat' dir='ltr'><strong>paulatim</strong></span> <span class='ocrx_word' id='word_1_145' title='bbox 879 2278 978 2339; x_wconf 84' lang='lat' dir='ltr'><strong>omnia</strong></span> <span class='ocrx_word' id='word_1_146' title='bbox 995 2283 1078 2339; x_wconf 79' lang='lat' dir='ltr'><strong>nstra</strong></span> <span class='ocrx_word' id='word_1_147' title='bbox 1098 2276 1155 2339; x_wconf 81' lang='lat' dir='ltr'><strong>eibi</strong></span> <span class='ocrx_word' id='word_1_148' title='bbox 1169 2277 1289 2339; x_wconf 84' lang='lat' dir='ltr'><strong>invicem</strong></span> <span class='ocrx_word' id='word_1_149' title='bbox 1303 2298 1403 2338; x_wconf 83' lang='lat' dir='ltr'><strong>occar-</strong></span> 
     </span>
     <span class='ocr_line' id='line_1_18' title="bbox 303 2387 1408 2468; baseline 0.003 -22"><span class='ocrx_word' id='word_1_150' title='bbox 303 2406 376 2461; x_wconf 82' lang='lat' dir='ltr'><strong>rere,</strong></span> <span class='ocrx_word' id='word_1_151' title='bbox 399 2393 428 2448; x_wconf 85' lang='lat' dir='ltr'><strong>et</strong></span> <span class='ocrx_word' id='word_1_152' title='bbox 442 2394 541 2449; x_wconf 83' lang='lat' dir='ltr'><strong>mutuo</strong></span> <span class='ocrx_word' id='word_1_153' title='bbox 564 2387 701 2468; x_wconf 85' lang='lat' dir='ltr'><strong>conflicta</strong></span> <span class='ocrx_word' id='word_1_154' title='bbox 723 2388 793 2451; x_wconf 85' lang='lat' dir='ltr'><strong>elidi</strong></span> <span class='ocrx_word' id='word_1_155' title='bbox 812 2390 844 2450; x_wconf 86' lang='lat' dir='ltr'><strong>in</strong></span> <span class='ocrx_word' id='word_1_156' title='bbox 865 2411 953 2451; x_wconf 90' lang='lat' dir='ltr'><strong>anam</strong></span> <span class='ocrx_word' id='word_1_157' title='bbox 974 2410 1110 2451; x_wconf 86' lang='lat' dir='ltr'><strong>massam.</strong></span> <span class='ocrx_word' id='word_1_158' title='bbox 1156 2388 1238 2450; x_wconf 88' lang='lat' dir='ltr'><strong>Nam</strong></span> <span class='ocrx_word' id='word_1_159' title='bbox 1261 2387 1288 2449; x_wconf 90' lang='lat' dir='ltr'><strong>si</strong></span> <span class='ocrx_word' id='word_1_160' title='bbox 1309 2387 1408 2450; x_wconf 85' lang='lat' dir='ltr'><strong>aether</strong></span> 
     </span>
     <span class='ocr_line' id='line_1_19' title="bbox 305 2494 1402 2583; baseline 0.004 -26"><span class='ocrx_word' id='word_1_161' title='bbox 305 2494 344 2557; x_wconf 91' lang='lat' dir='ltr'><strong>sit</strong></span> <span class='ocrx_word' id='word_1_162' title='bbox 369 2517 445 2579; x_wconf 89' lang='lat' dir='ltr'><strong>pure</strong></span> <span class='ocrx_word' id='word_1_163' title='bbox 470 2498 657 2576; x_wconf 88' lang='lat' dir='ltr'><strong>attractivus,</strong></span> <span class='ocrx_word' id='word_1_164' title='bbox 688 2498 726 2562; x_wconf 88' lang='lat' dir='ltr'><strong>ad</strong></span> <span class='ocrx_word' id='word_1_165' title='bbox 749 2499 978 2583; x_wconf 90' lang='lat' dir='ltr'><strong>praecavendum</strong></span> <span class='ocrx_word' id='word_1_166' title='bbox 1007 2498 1086 2563; x_wconf 92' lang='lat' dir='ltr'><strong>illud</strong></span> <span class='ocrx_word' id='word_1_167' title='bbox 1114 2499 1330 2563; x_wconf 88' lang='lat' dir='ltr'><strong>inconveniens</strong></span> <span class='ocrx_word' id='word_1_168' title='bbox 1358 2499 1402 2561; x_wconf 93' lang='lat' dir='ltr'><strong>vi-</strong></span> 
     </span>
     <span class='ocr_line' id='line_1_20' title="bbox 305 2607 1403 2696; baseline 0.003 -26"><span class='ocrx_word' id='word_1_169' title='bbox 305 2607 394 2671; x_wconf 87' lang='lat' dir='ltr'><strong>detur</strong></span> <span class='ocrx_word' id='word_1_170' title='bbox 417 2610 562 2687; x_wconf 86' lang='lat' dir='ltr'><strong>sufficere,</strong></span> <span class='ocrx_word' id='word_1_171' title='bbox 578 2611 604 2673; x_wconf 88' lang='lat' dir='ltr'><strong>si</strong></span> <span class='ocrx_word' id='word_1_172' title='bbox 618 2609 699 2674; x_wconf 90' lang='lat' dir='ltr'><strong>ultra</strong></span> <span class='ocrx_word' id='word_1_173' title='bbox 714 2612 818 2675; x_wconf 88' lang='lat' dir='ltr'><strong>omnia</strong></span> <span class='ocrx_word' id='word_1_174' title='bbox 839 2621 920 2675; x_wconf 88' lang='lat' dir='ltr'><strong>astra</strong></span> <span class='ocrx_word' id='word_1_175' title='bbox 934 2621 1068 2696; x_wconf 87' lang='lat' dir='ltr'><strong>ponatur</strong></span> <span class='ocrx_word' id='word_1_176' title='bbox 1088 2609 1267 2695; x_wconf 84' lang='lat' dir='ltr'><strong>longissime</strong></span> <span class='ocrx_word' id='word_1_177' title='bbox 1281 2611 1403 2675; x_wconf 80' lang='lat' dir='ltr'><strong>extendi</strong></span> 
     </span>
     <span class='ocr_line' id='line_1_21' title="bbox 304 2719 1402 2808; baseline 0.004 -27"><span class='ocrx_word' id='word_1_178' title='bbox 304 2719 457 2798; x_wconf 86' lang='lat' dir='ltr'><strong>aetherem,</strong></span> <span class='ocrx_word' id='word_1_179' title='bbox 474 2720 536 2807; x_wconf 91' lang='lat' dir='ltr'><strong>qui,</strong></span> <span class='ocrx_word' id='word_1_180' title='bbox 551 2743 647 2806; x_wconf 90' lang='lat' dir='ltr'><strong>quum</strong></span> <span class='ocrx_word' id='word_1_181' title='bbox 663 2746 699 2786; x_wconf 86' lang='lat' dir='ltr'><strong>ex</strong></span> <span class='ocrx_word' id='word_1_182' title='bbox 715 2722 768 2786; x_wconf 92' lang='lat' dir='ltr'><strong>illa</strong></span> <span class='ocrx_word' id='word_1_183' title='bbox 781 2732 870 2807; x_wconf 88' lang='lat' dir='ltr'><strong>parte</strong></span> <span class='ocrx_word' id='word_1_184' title='bbox 892 2734 1015 2787; x_wconf 84' lang='lat' dir='ltr'><strong>externa</strong></span> <span class='ocrx_word' id='word_1_185' title='bbox 1032 2723 1128 2808; x_wconf 89' lang='lat' dir='ltr'><strong>possit</strong></span> <span class='ocrx_word' id='word_1_186' title='bbox 1148 2732 1254 2786; x_wconf 90' lang='lat' dir='ltr'><strong>tantus</strong></span> <span class='ocrx_word' id='word_1_187' title='bbox 1276 2745 1351 2800; x_wconf 88' lang='lat' dir='ltr'><strong>esse,</strong></span> <span class='ocrx_word' id='word_1_188' title='bbox 1366 2732 1402 2785; x_wconf 90' lang='lat' dir='ltr'><strong>ut</strong></span> 
     </span>
     <span class='ocr_line' id='line_1_22' title="bbox 304 2831 1403 2922; baseline 0.006 -30"><span class='ocrx_word' id='word_1_189' title='bbox 304 2831 422 2894; x_wconf 88' lang='lat' dir='ltr'><strong>actione</strong></span> <span class='ocrx_word' id='word_1_190' title='bbox 437 2855 492 2895; x_wconf 81' lang='lat' dir='ltr'><strong>vua</strong></span> <span class='ocrx_word' id='word_1_191' title='bbox 504 2834 675 2918; x_wconf 72' lang='lat' dir='ltr'><strong>aquilibret</strong></span> <span class='ocrx_word' id='word_1_192' title='bbox 689 2835 850 2913; x_wconf 86' lang='lat' dir='ltr'><strong>actionem,</strong></span> <span class='ocrx_word' id='word_1_193' title='bbox 866 2858 935 2922; x_wconf 90' lang='lat' dir='ltr'><strong>quae</strong></span> <span class='ocrx_word' id='word_1_194' title='bbox 949 2837 985 2899; x_wconf 89' lang='lat' dir='ltr'><strong>fit</strong></span> <span class='ocrx_word' id='word_1_195' title='bbox 999 2859 1035 2899; x_wconf 88' lang='lat' dir='ltr'><strong>ex</strong></span> <span class='ocrx_word' id='word_1_196' title='bbox 1050 2846 1136 2920; x_wconf 89' lang='lat' dir='ltr'><strong>parte</strong></span> <span class='ocrx_word' id='word_1_197' title='bbox 1149 2836 1279 2915; x_wconf 88' lang='lat' dir='ltr'><strong>interna,</strong></span> <span class='ocrx_word' id='word_1_198' title='bbox 1295 2835 1403 2899; x_wconf 88' lang='lat' dir='ltr'><strong>saltem</strong></span> 
     </span>
     <span class='ocr_line' id='line_1_23' title="bbox 306 2944 1403 3032; baseline 0.007 -28"><span class='ocrx_word' id='word_1_199' title='bbox 306 2944 497 3022; x_wconf 86' lang='lat' dir='ltr'><strong>sensibiliter,</strong></span> <span class='ocrx_word' id='word_1_200' title='bbox 512 2956 658 3029; x_wconf 90' lang='lat' dir='ltr'><strong>poterunt</strong></span> <span class='ocrx_word' id='word_1_201' title='bbox 680 2956 761 3011; x_wconf 90' lang='lat' dir='ltr'><strong>astra</strong></span> <span class='ocrx_word' id='word_1_202' title='bbox 776 2970 898 3011; x_wconf 89' lang='lat' dir='ltr'><strong>manere</strong></span> <span class='ocrx_word' id='word_1_203' title='bbox 912 2971 967 3032; x_wconf 92' lang='lat' dir='ltr'><strong>pro</strong></span> <span class='ocrx_word' id='word_1_204' title='bbox 982 2948 1089 3012; x_wconf 91' lang='lat' dir='ltr'><strong>multis</strong></span> <span class='ocrx_word' id='word_1_205' title='bbox 1104 2948 1220 3012; x_wconf 89' lang='lat' dir='ltr'><strong>saeculis</strong></span> <span class='ocrx_word' id='word_1_206' title='bbox 1234 2949 1267 3012; x_wconf 91' lang='lat' dir='ltr'><strong>in</strong></span> <span class='ocrx_word' id='word_1_207' title='bbox 1287 2949 1403 3027; x_wconf 89' lang='lat' dir='ltr'><strong>eadem,</strong></span> 
     </span>
    </p>
   </div>
   <div class='ocr_carea' id='block_1_3' title="bbox 202 3052 1400 3145">
    <p class='ocr_par' dir='ltr' id='par_1_3' title="bbox 202 3052 1400 3145">
     <span class='ocr_line' id='line_1_24' title="bbox 202 3052 1400 3145; baseline 0.004 -26"><span class='ocrx_word' id='word_1_208' title='bbox 202 3114 205 3119; x_wconf 91' lang='lat'>.</span> <span class='ocrx_word' id='word_1_209' title='bbox 305 3052 411 3117; x_wconf 88' lang='lat' dir='ltr'><strong>saltem</strong></span> <span class='ocrx_word' id='word_1_210' title='bbox 428 3056 618 3137; x_wconf 87' lang='lat' dir='ltr'><strong>sensibiliter,</strong></span> <span class='ocrx_word' id='word_1_211' title='bbox 634 3059 759 3123; x_wconf 86' lang='lat' dir='ltr'><strong>relativa</strong></span> <span class='ocrx_word' id='word_1_212' title='bbox 773 3061 927 3138; x_wconf 88' lang='lat' dir='ltr'><strong>distantia,</strong></span> <span class='ocrx_word' id='word_1_213' title='bbox 944 3062 1019 3145; x_wconf 88' lang='lat' dir='ltr'><strong>quin</strong></span> <span class='ocrx_word' id='word_1_214' title='bbox 1035 3061 1169 3124; x_wconf 87' lang='lat' dir='ltr'><strong>mundus</strong></span> <span class='ocrx_word' id='word_1_215' title='bbox 1184 3061 1400 3125; x_wconf 87' lang='lat' dir='ltr'><strong>confundatur.</strong></span> 
     </span>
    </p>
   </div>
   <div class='ocr_carea' id='block_1_4' title="bbox 305 3164 1405 4378">
    <p class='ocr_par' dir='ltr' id='par_1_4' title="bbox 305 3164 1405 4036">
     <span class='ocr_line' id='line_1_25' title="bbox 308 3164 1402 3257; baseline 0.009 -30"><span class='ocrx_word' id='word_1_216' title='bbox 308 3164 341 3227; x_wconf 85' lang='lat' dir='ltr'><strong>Si</strong></span> <span class='ocrx_word' id='word_1_217' title='bbox 355 3187 425 3229; x_wconf 90' lang='lat' dir='ltr'><strong>vero</strong></span> <span class='ocrx_word' id='word_1_218' title='bbox 440 3189 661 3233; x_wconf 88' lang='lat' dir='ltr'><strong>recurreremus</strong></span> <span class='ocrx_word' id='word_1_219' title='bbox 683 3194 753 3235; x_wconf 92' lang='lat' dir='ltr'><strong>cum</strong></span> <span class='ocrx_word' id='word_1_220' title='bbox 768 3173 971 3256; x_wconf 88' lang='lat' dir='ltr'><strong>peripateticis</strong></span> <span class='ocrx_word' id='word_1_221' title='bbox 986 3173 1025 3236; x_wconf 86' lang='lat' dir='ltr'><strong>ad</strong></span> <span class='ocrx_word' id='word_1_222' title='bbox 1047 3174 1195 3237; x_wconf 89' lang='lat' dir='ltr'><strong>actionem</strong></span> <span class='ocrx_word' id='word_1_223' title='bbox 1213 3172 1402 3257; x_wconf 88' lang='lat' dir='ltr'><strong>angelorum,</strong></span> 
     </span>
     <span class='ocr_line' id='line_1_26' title="bbox 306 3276 1402 3368; baseline 0.009 -30"><span class='ocrx_word' id='word_1_224' title='bbox 306 3276 359 3360; x_wconf 90' lang='lat' dir='ltr'><strong>qui</strong></span> <span class='ocrx_word' id='word_1_225' title='bbox 374 3277 412 3340; x_wconf 91' lang='lat' dir='ltr'><strong>de</strong></span> <span class='ocrx_word' id='word_1_226' title='bbox 427 3278 561 3343; x_wconf 89' lang='lat' dir='ltr'><strong>motibus</strong></span> <span class='ocrx_word' id='word_1_227' title='bbox 582 3280 652 3344; x_wconf 88' lang='lat' dir='ltr'><strong>coeli</strong></span> <span class='ocrx_word' id='word_1_228' title='bbox 667 3304 771 3345; x_wconf 90' lang='lat' dir='ltr'><strong>curam</strong></span> <span class='ocrx_word' id='word_1_229' title='bbox 793 3283 926 3347; x_wconf 88' lang='lat' dir='ltr'><strong>habeant</strong></span> <span class='ocrx_word' id='word_1_230' title='bbox 944 3284 1123 3368; x_wconf 89' lang='lat' dir='ltr'><strong>(quodlicet</strong></span> <span class='ocrx_word' id='word_1_231' title='bbox 1138 3307 1201 3348; x_wconf 90' lang='lat' dir='ltr'><strong>non</strong></span> <span class='ocrx_word' id='word_1_232' title='bbox 1219 3285 1258 3348; x_wconf 90' lang='lat' dir='ltr'><strong>sit</strong></span> <span class='ocrx_word' id='word_1_233' title='bbox 1275 3293 1402 3363; x_wconf 73' lang='lat' dir='ltr'><strong>nemum,</strong></span> 
     </span>
     <span class='ocr_line' id='line_1_27' title="bbox 306 3391 1403 3480; baseline 0.01 -30"><span class='ocrx_word' id='word_1_234' title='bbox 306 3410 369 3451; x_wconf 91' lang='lat' dir='ltr'><strong>non</strong></span> <span class='ocrx_word' id='word_1_235' title='bbox 391 3398 438 3453; x_wconf 89' lang='lat' dir='ltr'><strong>est</strong></span> <span class='ocrx_word' id='word_1_236' title='bbox 460 3402 562 3454; x_wconf 90' lang='lat' dir='ltr'><strong>tamen</strong></span> <span class='ocrx_word' id='word_1_237' title='bbox 585 3391 764 3477; x_wconf 87' lang='lat' dir='ltr'><strong>absurdum)</strong></span> <span class='ocrx_word' id='word_1_238' title='bbox 789 3395 837 3459; x_wconf 92' lang='lat' dir='ltr'><strong>vel</strong></span> <span class='ocrx_word' id='word_1_239' title='bbox 859 3396 949 3459; x_wconf 89' lang='lat' dir='ltr'><strong>aliam</strong></span> <span class='ocrx_word' id='word_1_240' title='bbox 971 3395 1103 3480; x_wconf 88' lang='lat' dir='ltr'><strong>aliquam</strong></span> <span class='ocrx_word' id='word_1_241' title='bbox 1125 3396 1333 3460; x_wconf 85' lang='lat' dir='ltr'><strong>immediatam</strong></span> <span class='ocrx_word' id='word_1_242' title='bbox 1355 3420 1403 3461; x_wconf 89' lang='lat' dir='ltr'><strong>ao·</strong></span> 
     </span>
     <span class='ocr_line' id='line_1_28' title="bbox 306 3499 1402 3592; baseline 0.01 -30"><span class='ocrx_word' id='word_1_243' title='bbox 306 3499 419 3563; x_wconf 90' lang='lat' dir='ltr'><strong>tionem</strong></span> <span class='ocrx_word' id='word_1_244' title='bbox 443 3525 461 3565; x_wconf 91' lang='lat' dir='ltr'><strong>a</strong></span> <span class='ocrx_word' id='word_1_245' title='bbox 483 3502 549 3566; x_wconf 90' lang='lat' dir='ltr'><strong>Deo</strong></span> <span class='ocrx_word' id='word_1_246' title='bbox 564 3504 775 3588; x_wconf 89' lang='lat' dir='ltr'><strong>procedentem</strong></span> <span class='ocrx_word' id='word_1_247' title='bbox 799 3507 915 3571; x_wconf 85' lang='lat' dir='ltr'><strong>ratione</strong></span> <span class='ocrx_word' id='word_1_248' title='bbox 937 3507 1116 3571; x_wconf 89' lang='lat' dir='ltr'><strong>universalis</strong></span> <span class='ocrx_word' id='word_1_249' title='bbox 1138 3507 1335 3592; x_wconf 77' lang='lat' dir='ltr'><strong>providentiae</strong></span> <span class='ocrx_word' id='word_1_250' title='bbox 1350 3532 1402 3573; x_wconf 85' lang='lat' dir='ltr'><strong>ex-</strong></span> 
     </span>
     <span class='ocr_line' id='line_1_29' title="bbox 305 3612 1402 3700; baseline 0.009 -25"><span class='ocrx_word' id='word_1_251' title='bbox 305 3612 518 3697; x_wconf 86' lang='lat' dir='ltr'><strong>cogitaremus,</strong></span> <span class='ocrx_word' id='word_1_252' title='bbox 534 3616 624 3679; x_wconf 90' lang='lat' dir='ltr'><strong>etiam</strong></span> <span class='ocrx_word' id='word_1_253' title='bbox 641 3617 684 3680; x_wconf 88' lang='lat' dir='ltr'><strong>sic</strong></span> <span class='ocrx_word' id='word_1_254' title='bbox 704 3616 865 3682; x_wconf 89' lang='lat' dir='ltr'><strong>difficultas</strong></span> <span class='ocrx_word' id='word_1_255' title='bbox 881 3619 1090 3683; x_wconf 87' lang='lat' dir='ltr'><strong>Newtonianis</strong></span> <span class='ocrx_word' id='word_1_256' title='bbox 1105 3619 1222 3684; x_wconf 91' lang='lat' dir='ltr'><strong>obiecta</strong></span> <span class='ocrx_word' id='word_1_257' title='bbox 1236 3620 1402 3700; x_wconf 88' lang='lat' dir='ltr'><strong>tolleretur,</strong></span> 
     </span>
     <span class='ocr_line' id='line_1_30' title="bbox 307 3724 1404 3816; baseline 0.009 -29"><span class='ocrx_word' id='word_1_258' title='bbox 307 3724 414 3789; x_wconf 87' lang='lat' dir='ltr'><strong>saltem</strong></span> <span class='ocrx_word' id='word_1_259' title='bbox 436 3748 490 3810; x_wconf 86' lang='lat' dir='ltr'><strong>per</strong></span> <span class='ocrx_word' id='word_1_260' title='bbox 503 3730 675 3792; x_wconf 84' lang='lat' dir='ltr'><strong>machinam.</strong></span> <span class='ocrx_word' id='word_1_261' title='bbox 723 3730 783 3793; x_wconf 85' lang='lat' dir='ltr'><strong>Sed</strong></span> <span class='ocrx_word' id='word_1_262' title='bbox 806 3730 976 3810; x_wconf 87' lang='lat' dir='ltr'><strong>difficultas,</strong></span> <span class='ocrx_word' id='word_1_263' title='bbox 992 3731 1093 3816; x_wconf 90' lang='lat' dir='ltr'><strong>quoad</strong></span> <span class='ocrx_word' id='word_1_264' title='bbox 1114 3732 1258 3796; x_wconf 88' lang='lat' dir='ltr'><strong>aetherem</strong></span> <span class='ocrx_word' id='word_1_265' title='bbox 1272 3756 1335 3797; x_wconf 92' lang='lat' dir='ltr'><strong>non</strong></span> <span class='ocrx_word' id='word_1_266' title='bbox 1356 3757 1404 3797; x_wconf 88' lang='lat' dir='ltr'><strong>re·</strong></span> 
     </span>
     <span class='ocr_line' id='line_1_31' title="bbox 307 3837 1405 3923; baseline 0.008 -23"><span class='ocrx_word' id='word_1_267' title='bbox 307 3837 457 3921; x_wconf 87' lang='lat' dir='ltr'><strong>pnlsivum</strong></span> <span class='ocrx_word' id='word_1_268' title='bbox 474 3861 537 3902; x_wconf 91' lang='lat' dir='ltr'><strong>non</strong></span> <span class='ocrx_word' id='word_1_269' title='bbox 559 3840 677 3923; x_wconf 84' lang='lat' dir='ltr'><strong>indiget</strong></span> <span class='ocrx_word' id='word_1_270' title='bbox 691 3842 833 3905; x_wconf 89' lang='lat' dir='ltr'><strong>machina</strong></span> <span class='ocrx_word' id='word_1_271' title='bbox 840 3870 850 3922; x_wconf 87' lang='lat'>;</span> <span class='ocrx_word' id='word_1_272' title='bbox 874 3853 904 3907; x_wconf 93' lang='lat' dir='ltr'><strong>et</strong></span> <span class='ocrx_word' id='word_1_273' title='bbox 918 3844 987 3908; x_wconf 90' lang='lat' dir='ltr'><strong>ideo</strong></span> <span class='ocrx_word' id='word_1_274' title='bbox 1001 3844 1075 3908; x_wconf 90' lang='lat' dir='ltr'><strong>ordo</strong></span> <span class='ocrx_word' id='word_1_275' title='bbox 1089 3844 1196 3908; x_wconf 90' lang='lat' dir='ltr'><strong>mundi</strong></span> <span class='ocrx_word' id='word_1_276' title='bbox 1212 3845 1301 3909; x_wconf 85' lang='lat' dir='ltr'><strong>nnllo&#39;</strong></span> <span class='ocrx_word' id='word_1_277' title='bbox 1314 3846 1405 3909; x_wconf 91' lang='lat' dir='ltr'><strong>modo</strong></span> 
     </span>
     <span class='ocr_line' id='line_1_32' title="bbox 307 3951 863 4036; baseline 0.009 -24"><span class='ocrx_word' id='word_1_278' title='bbox 307 3951 473 4034; x_wconf 89' lang='lat' dir='ltr'><strong>opponitur</strong></span> <span class='ocrx_word' id='word_1_279' title='bbox 487 3951 589 4016; x_wconf 90' lang='lat' dir='ltr'><strong>aetheri</strong></span> <span class='ocrx_word' id='word_1_280' title='bbox 605 3975 681 4036; x_wconf 91' lang='lat' dir='ltr'><strong>pure</strong></span> <span class='ocrx_word' id='word_1_281' title='bbox 696 3954 863 4018; x_wconf 89' lang='lat' dir='ltr'><strong>attractivo.</strong></span> 
     </span>
    </p>

    <p class='ocr_par' dir='ltr' id='par_1_5' title="bbox 308 4063 1403 4261">
     <span class='ocr_line' id='line_1_33' title="bbox 353 4063 1403 4153; baseline 0.012 -29"><span class='ocrx_word' id='word_1_282' title='bbox 353 4063 425 4126; x_wconf 87' lang='grc'><strong>136.</strong></span> <span class='ocrx_word' id='word_1_283' title='bbox 448 4063 588 4127; x_wconf 75' lang='lat' dir='ltr'><strong>Instatis.</strong></span> <span class='ocrx_word' id='word_1_284' title='bbox 635 4065 667 4128; x_wconf 86' lang='lat' dir='ltr'><strong>Si</strong></span> <span class='ocrx_word' id='word_1_285' title='bbox 689 4066 788 4129; x_wconf 88' lang='lat' dir='ltr'><strong>aether</strong></span> <span class='ocrx_word' id='word_1_286' title='bbox 810 4068 849 4130; x_wconf 88' lang='lat' dir='ltr'><strong>sit</strong></span> <span class='ocrx_word' id='word_1_287' title='bbox 871 4091 946 4153; x_wconf 92' lang='lat' dir='ltr'><strong>pure</strong></span> <span class='ocrx_word' id='word_1_288' title='bbox 972 4070 1157 4149; x_wconf 88' lang='lat' dir='ltr'><strong>attractivus,</strong></span> <span class='ocrx_word' id='word_1_289' title='bbox 1181 4070 1271 4136; x_wconf 90' lang='lat' dir='ltr'><strong>debet</strong></span> <span class='ocrx_word' id='word_1_290' title='bbox 1293 4071 1403 4136; x_wconf 88' lang='lat' dir='ltr'><strong>habere</strong></span> 
     </span>
     <span class='ocr_line' id='line_1_34' title="bbox 308 4176 1228 4261; baseline 0.015 -27"><span class='ocrx_word' id='word_1_291' title='bbox 308 4194 454 4256; x_wconf 88' lang='lat' dir='ltr'><strong>magnum</strong></span> <span class='ocrx_word' id='word_1_292' title='bbox 470 4176 611 4257; x_wconf 86' lang='lat' dir='ltr'><strong>pondus:</strong></span> <span class='ocrx_word' id='word_1_293' title='bbox 645 4178 728 4261; x_wconf 92' lang='lat' dir='ltr'><strong>quod</strong></span> <span class='ocrx_word' id='word_1_294' title='bbox 744 4187 846 4242; x_wconf 90' lang='lat' dir='ltr'><strong>tamen</strong></span> <span class='ocrx_word' id='word_1_295' title='bbox 861 4202 923 4243; x_wconf 92' lang='lat' dir='ltr'><strong>non</strong></span> <span class='ocrx_word' id='word_1_296' title='bbox 938 4181 1094 4245; x_wconf 89' lang='lat' dir='ltr'><strong>invenitur</strong></span> <span class='ocrx_word' id='word_1_297' title='bbox 1108 4182 1228 4248; x_wconf 83' lang='lat' dir='ltr'><strong>habere</strong></span> 
     </span>
    </p>

    <p class='ocr_par' dir='ltr' id='par_1_6' title="bbox 352 4272 1403 4378">
     <span class='ocr_line' id='line_1_35' title="bbox 352 4272 1403 4378; baseline 0.011 -32"><span class='ocrx_word' id='word_1_298' title='bbox 352 4272 532 4368; x_wconf 81' lang='lat' dir='ltr'><strong>Respondeo</strong></span> <span class='ocrx_word' id='word_1_299' title='bbox 553 4290 683 4369; x_wconf 64' lang='lat' dir='ltr'><strong>negando</strong></span> <span class='ocrx_word' id='word_1_300' title='bbox 700 4293 878 4355; x_wconf 81' lang='lat' dir='ltr'><strong>antecedens.</strong></span> <span class='ocrx_word' id='word_1_301' title='bbox 925 4292 1006 4356; x_wconf 92' lang='lat' dir='ltr'><strong>Nam</strong></span> <span class='ocrx_word' id='word_1_302' title='bbox 1024 4293 1145 4377; x_wconf 86' lang='lat' dir='ltr'><strong>pondus</strong></span> <span class='ocrx_word' id='word_1_303' title='bbox 1167 4317 1231 4358; x_wconf 90' lang='lat' dir='ltr'><strong>non</strong></span> <span class='ocrx_word' id='word_1_304' title='bbox 1253 4294 1403 4378; x_wconf 90' lang='lat' dir='ltr'><strong>dependet</strong></span> 
     </span>
    </p>
   </div>
   <div class='ocr_carea' id='block_1_5' title="bbox 309 4393 1470 4493">
    <p class='ocr_par' dir='ltr' id='par_1_7' title="bbox 309 4393 1470 4493">
     <span class='ocr_line' id='line_1_36' title="bbox 309 4393 1470 4493; baseline 0.016 -39"><span class='ocrx_word' id='word_1_305' title='bbox 309 4414 344 4455; x_wconf 87' lang='lat' dir='ltr'><strong>ex</strong></span> <span class='ocrx_word' id='word_1_306' title='bbox 366 4393 423 4455; x_wconf 90' lang='lat' dir='ltr'><strong>hoc</strong></span> <span class='ocrx_word' id='word_1_307' title='bbox 446 4395 527 4475; x_wconf 91' lang='lat' dir='ltr'><strong>quod</strong></span> <span class='ocrx_word' id='word_1_308' title='bbox 549 4418 658 4478; x_wconf 88' lang='lat' dir='ltr'><strong>eorpus</strong></span> <span class='ocrx_word' id='word_1_309' title='bbox 680 4402 853 4482; x_wconf 88' lang='lat' dir='ltr'><strong>ponderans</strong></span> <span class='ocrx_word' id='word_1_310' title='bbox 874 4402 984 4467; x_wconf 88' lang='lat' dir='ltr'><strong>habeat</strong></span> <span class='ocrx_word' id='word_1_311' title='bbox 1006 4405 1156 4469; x_wconf 90' lang='lat' dir='ltr'><strong>elementa</strong></span> <span class='ocrx_word' id='word_1_312' title='bbox 1178 4408 1335 4471; x_wconf 88' lang='lat' dir='ltr'><strong>attractiva</strong></span> <span class='ocrx_word' id='word_1_313' title='bbox 1349 4430 1403 4493; x_wconf 91' lang='lat' dir='ltr'><strong>po·</strong></span> <span class='ocrx_word' id='word_1_314' title='bbox 1465 4416 1470 4421; x_wconf 83' lang='grc'><em>“</em></span> 
     </span>
    </p>
   </div>
   <div class='ocr_carea' id='block_1_6' title="bbox 0 0 1607 4984">
    <p class='ocr_par' dir='ltr' id='par_1_8' title="bbox 0 0 1607 4984">
     <span class='ocr_line' id='line_1_37' title="bbox 0 0 1607 4984; baseline 0 0"><span class='ocrx_word' id='word_1_315' title='bbox 0 0 1607 4984; x_wconf 95' lang='lat' dir='ltr'><strong> </strong></span> 
     </span>
    </p>
   </div>
  </div>
 </body>
</html>
