3200 4984
291 382 357 445 250
654 404 696 448 nn
712 404 833 448 asinos
849 404 1042 448 concinnis.
1266 383 1353 468 [cna.
1369 404 1396 448 1.

290 568 474 653 occupabile,
486 570 518 635 in
530 580 681 656 qnantum
697 582 799 636 manet
813 564 1003 636 imenaitas
1014 571 1074 635 Dei
1088 568 1223 635 fundans
1236 570 1396 655 possibiles

291 692 498 747 creaturarum
521 682 709 749 ubicationes
731 683 868 748 infinitas
890 706 946 768 per
970 706 1057 748 snam
1076 684 1306 763 virtualitatem‚
1326 706 1396 768 quae

207 801 209 807 '
290 812 396 859 omnes
418 795 606 860 ubicationes
628 796 787 881 possibiles
802 797 836 861 in
850 818 883 861 se
897 798 1044 861 continet.
1088 796 1172 881 lli-go
1191 796 1270 861 illnd
1292 797 1393 881 ipsum

288 926 417 969 vacuum
432 906 618 986 absolutum,
634 907 717 992 quod
731 907 878 987 remanet,
894 907 1002 993 nequit
1016 907 1100 972 aliud
1114 930 1190 987 esse,
1206 908 1266 971 nisi
1279 908 1395 971 virtua-

290 1016 361 1081 litas
376 1017 603 1083 immensitatis.

295 1174 299 1183 .
332 1128 434 1193 'lertio
454 1129 602 1213 probatur
626 1129 722 1193 thesis
744 1152 799 1215 per
821 1129 1023 1195 exclusionem
1047 1130 1175 1195 aliarum
1201 1130 1392 1215 opinionum.

288 1240 330 1303 lat
344 1240 478 1326 quidem,
493 1240 576 1326 qaod
590 1241 700 1305 attinet
715 1241 755 1307 ad
774 1242 905 1307 sormam
927 1242 1125 1307 subiectivam
1149 1242 1267 1321 Kantii,
1283 1243 1332 1307 vix
1346 1253 1394 1306 est

288 1374 342 1417 cur
367 1352 436 1417 talia
462 1352 613 1418 sententia
638 1353 720 1418 inter
744 1354 905 1439 opiniones
930 1354 1155 1439 philosophicas
1184 1363 1391 1439 computetur,
1498 1417 1504 1427 ,

288 1487 384 1550 quum
405 1486 528 1529 sensum
549 1486 742 1530 communem
762 1466 913 1551 repudiet,
928 1474 961 1530 et
980 1465 1079 1550 ipsam
1099 1466 1276 1551 quaestionis
1297 1475 1392 1530 mate·

287 1576 363 1640 riam
386 1575 424 1641 de
446 1577 547 1641 medio
568 1577 665 1641 tollat.
713 1579 856 1656 Kontiue,
878 1578 981 1663 inquit
996 1577 1128 1656 Balmea,
1144 1600 1203 1641 non
1217 1579 1332 1642 videtin·
1345 1578 1392 1642 di·

286 1690 424 1752 stinnisse
438 1690 760 1774 interimepinationem
774 1691 869 1773 spatii
876 1698 906 1752 et
917 1690 1014 1753 Qum
1026 1690 1139 1772 spatii,·
1156 1698 1196 1767 et,
1208 1693 1393 1773 quantum

287 1800 462 1867 labmaoerit
475 1804 507 1865 in
527 1802 722 1885 analpeando,
746 1802 787 1865 ad
807 1802 950 1865 theoriam
965 1801 1147 1885 proflantem
1168 1823 1228 1865 non
1244 1804 1391 1887 peruenit.

287 1916 368 2000 Dum
382 1917 490 1998 accipit
503 1917 631 1998 spatium
647 1938 705 1998 pro
727 1914 908 1998 receptaculo
925 1915 1180 1999 pboenomenernm
1200 1916 1390 1995 naturalium,

286 2026 394 2109 cpolim
408 2026 498 2089 simul
510 2026 586 2089 illud
597 2048 651 2090 saa
672 2027 878 2105 obiectivitate,
896 2027 1060 2109 asseritque
1081 2026 1159 2089 illud
1175 2049 1234 2089 non
1255 2049 1316 2090 esse
1331 2029 1391 2091 nisi

286 2138 477 2202 conditionem
486 2159 563 2220 pure
576 2139 765 2202 subiectionem
780 2187 787 2202 .
805 2185 814 2200 .
831 2184 839 2199 .
858 2185 866 2200 .
891 2146 1039 2219 tamquam
1053 2140 1255 2220 capacitatem,
1278 2141 1311 2201 in
1330 2162 1390 2222 qua

281 2247 435 2329 possumus
442 2246 632 2332 phennena
650 2249 824 2312 distribuere
838 2256 867 2311 et
884 2248 1022 2312 ordinare
1038 2248 1106 2331 (loc.
1119 2248 1171 2312 cit.
1182 2248 1241 2313 xvi.
1252 2271 1282 2312 n.
1297 2251 1385 2332 113).

285 2360 329 2423 Et
345 2359 490 2425 infen'usi
513 2360 630 2439 Dicere,
653 2362 781 2445 spatium
803 2381 864 2424 esse
885 2360 959 2442 quid
971 2381 1052 2443 pure
1072 2362 1270 2439 subiectioum,
1286 2368 1329 2424 est
1343 2362 1392 2425 vel

286 2492 345 2533 non
358 2472 468 2535 soluere
475 2470 662 2553 problemata
677 2471 777 2534 mundi
791 2470 956 2547 exterioris,
971 2470 1017 2533 vet
1029 2492 1065 2533 eo
1078 2492 1193 2554 nepare,
1209 2472 1276 2534 dum
1289 2494 1389 2535 eorum

285 2592 409 2663 nepotur
427 2583 557 2647 realitas.
606 2583 694 2661 Quid,
718 2604 825 2665 queso,
835 2580 1024 2664 profecimus,
1033 2590 1196 2664 postquam
1209 2585 1388 2665 affirmatum

284 2702 328 2757 est
341 2699 374 2757 in
381 2695 579 2778 philosophia,
594 2696 722 2777 spatium
736 2716 797 2756 esse
812 2694 1003 2756 emiditionem
1011 2694 1312 2776 paremdieetivamt
1333 2698 1387 2759 An

284 2807 496 2890 ipnmabamua,
512 2814 668 2889 antequam
682 2826 840 2886 permanes
858 2805 914 2867 iste
922 2804 1115 2889 philosophus
1128 2806 1318 2886 benediceret,
1333 2830 1386 2872 nos

283 2918 389 2981 tabere
413 2919 584 2981 anteriorem
606 2919 860 3001 pbaenomenorum
880 2917 1124 2999 perceptionem?
1167 2918 1218 2980 Aa
1241 2941 1299 2981 non
1323 2922 1386 3003 ipae

282 3050 382 3093 seruus
396 3031 515 3093 intimus
529 3031 713 3093 enistentiam
727 3030 814 3091 baius
822 3029 1020 3111 perceptionis
1034 3036 1187 3092 testatur?
1230 3031 1302 3094 Non
1315 3054 1384 3116 erpo

282 3140 336 3203 boc
349 3140 495 3203 scieidum
509 3148 594 3213 erat,·
616 3140 669 3202 sed
680 3140 767 3217 istud,
782 3162 823 3202 an
830 3141 982 3222 perceptio
995 3141 1173 3222 sufficiatad
1184 3144 1385 3225 affirmandum

282 3250 382 3314 mundi
396 3253 549 3315 enterioris
563 3253 758 3329 ecistentiam,
774 3256 804 3315 et
818 3273 949 3334 quartam
963 3254 1024 3315 sint
1042 3252 1200 3317 relationes
1218 3255 1305 3319 buius
1311 3279 1385 3340 per-

282 3364 423 3445 ceptionis
444 3384 510 3425 mem
532 3362 638 3425 mundo
660 3364 723 3445 ipso
746 3364 909 3426 cateriore:
934 3363 983 3426 liic
1004 3371 1067 3427 toto
1085 3366 1206 3447 prestio
1220 3374 1274 3429 est.
1317 3368 1385 3432 Iam

281 3497 348 3538 vero
362 3476 414 3557 qui
427 3474 590 3555 respondet,
606 3475 637 3536 in
652 3474 707 3537 bac
716 3475 904 3557 perceptione
918 3496 977 3537 non
998 3475 1099 3538 baberi
1112 3477 1172 3538 nisi
1193 3478 1384 3543 conditionem

281 3588 477 3664 subiectionum,
500 3607 578 3649 more
600 3585 767 3648 Alexandri
790 3605 911 3648 nonum
929 3586 1036 3649 soluit:
1058 3609 1111 3651 nec
1125 3588 1255 3669 enplieat
1268 3594 1383 3673 ceperi-

280 3700 365 3763 entioe
372 3677 610 3781 possibilitatem,
623 3696 676 3759 sed
694 3704 782 3779 nepat
799 3695 884 3777 (ibid.
901 3718 928 3759 c.
943 3696 1014 3760 xvii.
1029 3718 1061 3759 n.
1080 3699 1153 3775 119,
1171 3701 1258 3783 120).
1304 3701 1382 3766 Sen.

281 3810 377 3877 tentia
396 3830 466 3874 vero
487 3807 615 3873 Cartesii
630 3815 662 3871 et
677 3806 834 3886 leibnitii,
854 3807 947 3871 etiam
964 3819 1000 3870 ut
1014 3818 1202 3892 temperatur
1216 3834 1234 3874 a
1248 3811 1381 3893 Balmes,

281 3924 367 3988 ducit
382 3920 421 3987 ad
437 3917 613 4005 'gravissima
628 3918 760 3983 absimda
768 3944 778 3997 3
801 3918 921 4003 indiget
936 3919 1063 3983 materia
1080 3920 1236 4001 continue,
1252 3936 1381 4007 quaeest

279 4036 444 4100 intrinsece
465 4031 672 4117 impossibilis,
692 4040 722 4094 et
739 4030 959 4116 praesupponit,
982 4031 1057 4115 quin
1079 4032 1175 4117 possit
1190 4033 1223 4097 id
1242 4036 1381 4119 probare,

279 4170 408 4214 vacuum
422 4167 487 4209 esse
502 4143 589 4207 nihil.
636 4142 738 4207 Habet
753 4150 898 4227 praeterea
911 4142 970 4207 boc
984 4166 1133 4228 magnum
1151 4146 1379 4215 incommodum

279 4258 361 4345 quod
382 4257 547 4321 constituat
570 4255 738 4319 realitatem
761 4254 852 4339 spatii
871 4255 904 4319 in
923 4255 1024 4341 aliquo
1046 4257 1179 4337 relativo,
1200 4268 1231 4324 et
1248 4282 1310 4325 non
1326 4262 1380 4326 ad-

279 4370 383 4432 mittat
412 4367 535 4450 aliquod
564 4366 749 4445 absolutum,
773 4367 857 4450 quod
881 4368 922 4431 ait
947 4367 1183 4435 fundamentum
1213 4371 1379 4439 relationis.
