3200 4984
282 382 348 445 316
639 406 681 449 na
698 408 821 451 rursus
836 408 1028 452 conclurus,
1223 385 1310 470 [cnr.
1327 403 1384 446 ιιι,

282 570 421 650 formem,
437 572 515 638 sicut
531 574 668 640 sehabet
683 575 763 640 linea
780 599 872 641 curva
893 577 932 641 ad
953 585 1079 641 mmam.
1123 574 1221 659 Atqui
1242 573 1276 636 in
1297 570 1382 635 omni

282 705 374 748 curva
388 684 478 749 datur
492 708 562 770 pars
576 686 783 766 infinitssima,
799 710 868 773 quac
887 688 1039 752 censenda
1052 695 1100 751 est
1114 678 1269 751 rectilinea
1277 711 1287 763 ς
1308 704 1382 765 ergo

283 794 423 860 similiter
444 796 477 860 in
498 797 584 861 omni
606 800 796 863 successione
811 798 1007 864 velocitatum
1027 799 1121 879 datur
1135 796 1277 864 velocitas
1290 794 1384 859 dura-

282 907 375 971 tionis
396 908 610 988 infinitmimm,
625 933 694 996 quse
713 911 864 975 censenda
881 920 927 975 est
950 911 1120 975 uniformis.
1165 907 1258 985 Quod
1279 915 1381 972 autem
1437 922 1441 926 ’

282 1020 479 1085 infinitesima
493 1044 562 1106 pars
576 1021 665 1087 lineae
678 1045 777 1087 curvae
796 1008 948 1087 censenda
965 1023 1006 1087 sit
1027 1023 1192 1101 rectilinea,
1210 1019 1298 1085 facile
1311 1040 1383 1103 pro-

284 1131 384 1198 batur.
429 1132 462 1197 Si
477 1134 558 1197 enim
574 1133 607 1197 in
622 1133 759 1219 quolibet
774 1134 888 1198 circulo
902 1143 1078 1199 assumatur
1096 1158 1167 1220 pars
1187 1131 1384 1197 infinitesima

283 1242 546 1324 circumferentiae,
568 1245 644 1309 ratio
668 1245 746 1309 radii
770 1246 811 1309 ad
833 1255 952 1330 partem
975 1246 1203 1311 infinitesimam
1225 1242 1384 1308 circumfe-

284 1356 389 1421 rentiae
403 1357 460 1421 erit
474 1356 605 1435 infinita,
621 1365 656 1421 ut
677 1366 782 1441 patet:
805 1366 837 1421 ct
851 1358 920 1422 ideo
935 1359 979 1423 sic
993 1381 1026 1423 se
1040 1358 1134 1423 babet
1148 1355 1383 1421 inlinitcsimum

283 1468 533 1533 circumferentiae
554 1468 594 1531 ad
616 1468 734 1533 radium
757 1469 892 1549 finitum,
916 1471 995 1537 siout
1015 1471 1141 1535 finitum
1159 1470 1200 1534 ad
1213 1468 1381 1533 infinitum.

285 1578 372 1644 Sicut
385 1602 459 1663 ergo
473 1588 554 1644 recta
569 1588 649 1644 esset
662 1579 743 1645 linea
756 1582 854 1662 finita,
869 1582 896 1646 si
911 1582 1131 1647 describeretur
1144 1604 1214 1646 cum
1235 1579 1321 1645 radio
1334 1578 1385 1642 in·

284 1692 372 1756 finito
389 1693 437 1774 (ut
451 1691 619 1756 ostendunt
639 1696 826 1777 geometrae),
848 1695 893 1758 ita
913 1704 996 1760 recta
1017 1704 1064 1760 est
1083 1695 1164 1759 linea
1177 1692 1385 1769 infinitesima,

285 1827 353 1890 quae
376 1804 557 1869 describitur
577 1827 647 1869 cum
670 1805 755 1869 radio
774 1807 873 1871 finito.
918 1808 960 1873 llt
977 1831 1032 1894 per
1048 1808 1107 1873 boc
1124 1815 1218 1892 patet,
1240 1806 1307 1869 iure
1321 1827 1385 1868 me-

284 1916 435 1993 chanicos,
445 1917 536 1981 etiam
545 1917 668 2003 quando
678 1926 777 2002 agunt
792 1918 831 1982 dc
845 1927 933 1983 motu
948 1919 1072 1999 variato,
1082 1919 1216 2005 accipere
1226 1927 1384 2001 tamquam

284 2027 467 2091 uniformem
484 2038 601 2095 motum
615 2029 732 2093 factum
747 2030 780 2093 in
795 2030 995 2095 infinitcsimo
1003 2030 1149 2115 temporis
1157 2032 1199 2109 dt,
1211 2037 1243 2093 et
1252 2028 1384 2113 spatium

285 2139 319 2203 da
342 2162 378 2204 eo
400 2149 536 2224 tempore
556 2162 733 2225 percursum
757 2150 792 2204 ut
815 2142 1009 2207 uniformiter
1029 2164 1227 2226 percursum3
1250 2148 1281 2205 ct
1304 2148 1386 2203 recte

287 2252 359 2336 poni
374 2252 577 2337 aquationem
787 2342 822 2404 ds

785 2428 818 2440 —
832 2413 900 2471 ξπ,

787 2444 821 2507 dt

287 2576 440 2643 indicante
458 2598 479 2638 u
496 2576 685 2641 velocitatem
706 2585 808 2641 motus
827 2578 861 2641 in
880 2598 917 2641 eo
933 2577 1131 2642 infinitesimo
1152 2576 1307 2660 temporis.
1354 2574 1388 2638 Si

287 2688 370 2753 enim
388 2710 445 2772 pro
464 2688 507 2766 dt,
523 2688 613 2773 ,quod
632 2687 732 2752 adhuc
753 2688 847 2753 babet
870 2690 1018 2753 rationem
1044 2689 1201 2774 temporis,
1224 2694 1388 2772 poneretur

287 2802 405 2864 instans
419 2800 613 2879 indivisibile,
623 2800 707 2886 quod
718 2800 835 2865 nullam
846 2800 943 2866 ,babet
957 2802 1184 2886 proportionem
1199 2822 1269 2864 cum
1281 2799 1388 2884 quavis

213 2956 219 2972 .
287 2912 458 2997 quantitate
485 2912 641 3005 temporis,
667 2912 760 2977 etiam
785 2934 841 2997 pro
867 2914 901 2976 ds
926 2911 1102 2996 ponendum
1129 2920 1208 2975 esset
1236 2919 1386 2994 punctum

288 3024 378 3108 spatii
392 3024 583 3103 indivisibile,
603 3023 687 3109 quod
705 3024 823 3089 nullam
842 3024 1067 3109 proportionem
1087 3024 1211 3088 haberet
1225 3044 1296 3087 cum
1311 3044 1388 3107 qua-

286 3135 331 3199 vis
346 3135 518 3219 quantitate
533 3135 623 3220 spatii
631 3160 641 3213 ;
663 3143 694 3198 et
709 3144 930 3219 consequenter
943 3134 1141 3219 concipienda
1155 3143 1233 3198 esset
1245 3134 1387 3197 velocitas

286 3268 306 3309 u
320 3254 477 3332 tamquam
494 3245 703 3330 independens
718 3269 735 3310 a
753 3248 859 3333 quavis
879 3247 1051 3331 quantitate
1070 3247 1161 3331 spatii
1180 3256 1212 3310 et
1230 3246 1387 3330 temporis.

288 3357 380 3435 Quod
402 3380 497 3442 quum
519 3357 584 3421 fieri
606 3367 747 3441 nequeat,
773 3358 911 3442 sequitur
934 3358 1158 3422 admittendum
1181 3380 1247 3422 esse
1267 3366 1386 3421 motum

287 3471 421 3555 rigorose
435 3468 619 3533 uniformem
635 3468 742 3532 saltem
758 3490 813 3553 pro
827 3478 964 3553 tempore
978 3469 1184 3533 infinitesimo.

332 3580 484 3647 Caeterum
509 3603 580 3665 pars
605 3580 751 3664 temporis
772 3580 970 3644 infinitesima
996 3588 1027 3644 et
1051 3582 1170 3644 instans
1194 3579 1386 3656 indivisibile,

287 3693 358 3759 licet
372 3701 521 3777 conceptu
535 3714 660 3777 prorsus
675 3692 827 3770 different,
839 3701 874 3756 ut
890 3692 1049 3757 diceturin
1060 3701 1191 3757 tractatu
1202 3693 1251 3755 De
1260 3691 1387 3775 infinito,

288 3805 408 3870 realiter
421 3813 524 3868 tamen
538 3825 601 3867 non
616 3803 759 3868 videntur
776 3804 906 3883 differre,
924 3803 984 3868 nisi
1000 3812 1036 3868 ut
1049 3804 1148 3869 fluens
1162 3827 1181 3868 a
1194 3803 1385 3888 quiescente:

286 3941 341 4003 per
363 3916 421 3980 hoc
444 3917 526 3980 enim
550 3915 633 3999 quod
654 3916 772 3979 instans
798 3916 968 4000 concipitur
990 3916 1099 3995 fluens,
1123 3916 1293 4001 concipitur
1315 3938 1385 3979 cum

286 4027 466 4094 habitudine
486 4026 524 4090 ad
544 4026 628 4091 aliud
647 4025 783 4091 instans:
807 4026 871 4092 brec
891 4035 993 4091 autem
1017 4026 1165 4092 habitudo
1184 4027 1327 4092 instantis
1346 4025 1388 4089 ad

287 4142 405 4205 instans
427 4146 571 4203 connotat
590 4138 823 4219 successionem,
845 4162 913 4224 quae
935 4138 1045 4203 fundat
1067 4148 1249 4224 conceptum
1269 4148 1386 4222 tempo·

287 4254 339 4332 ris,
354 4251 426 4338 quia
439 4249 570 4341 includit
585 4250 754 4315 virtualiter
771 4251 843 4329 duo,
857 4250 890 4314 id
904 4259 950 4315 est
961 4250 1127 4316 terminum
1139 4250 1386 4336 precedentema

287 4384 357 4446 quo,
372 4371 403 4426 et
422 4361 586 4425 terminum
607 4360 842 4445 subsequentem
862 4361 901 4425 ad
922 4384 1033 4447 quem:
1055 4371 1162 4426 contra
1175 4384 1245 4427 vero
1267 4360 1385 4425 instans
