3200 4984
282 381 347 447 308
617 395 660 441 nr
676 397 796 441 rmsus
813 396 1003 440 courruurs.
1226 374 1312 459 [car.
1328 394 1384 437 111.

329 565 522 653 Respondeo,
538 565 727 631 velocitatem
749 587 816 629 esse
839 564 1048 628 intensitatem
1070 572 1173 627 motus
1195 563 1316 628 localis:
1338 572 1385 627 est

283 687 387 743 autem
402 687 489 744 tanto
503 677 608 759 maior,
623 687 738 764 quanto
761 677 860 760 magis
883 684 1024 740 actuetur
1045 674 1240 739 extensivitas
1262 674 1386 739 mobilis

285 812 340 876 per
358 790 554 872 ott-caeteris
576 789 709 876 peribus.
755 788 838 853 Hinc
860 787 1003 852 velocitas
1025 788 1194 851 mensurari
1216 787 1306 851 debet
1332 806 1386 870 per
1406 789 1408 792 ’

285 902 503 982 extensionem,
518 910 553 967 ut
579 924 671 987 supra
695 900 847 978 diximus3
870 909 918 963 est
939 900 1022 963 enim
1044 908 1131 963 actus
1157 899 1339 977 extensivus,
1354 906 1386 961 et

286 1022 374 1079 tanto
394 1014 500 1095 maior,
515 1022 632 1100 quanto
654 1015 753 1098 magis
775 1012 920 1076 extendit
966 1014 1018 1077 Ad
1035 1012 1222 1077 reddendam
1236 1012 1385 1075 rationem

287 1125 470 1191 sensibiliter
494 1126 531 1191 de
556 1125 714 1190 velocitate
744 1134 856 1203 motus,
883 1124 1066 1189 considerari
1091 1133 1202 1211 potest,
1228 1124 1385 1188 materiam

285 1237 511 1325 quodammodo
533 1239 599 1323 pati
613 1235 801 1316 violentiam,
817 1236 939 1320 quando
953 1236 1000 1300 illi
1014 1235 1210 1321 imprimitur,
1225 1234 1309 1322 quod
1322 1258 1385 1299 non

286 1359 388 1436 potest
402 1351 553 1435 recipere:
577 1349 651 1413 dum
667 1357 769 1412 autem
784 1348 829 1412 vis
851 1348 948 1412 activa
961 1349 1106 1413 virtutem
1129 1371 1216 1412 suam
1238 1347 1387 1432 imprimit

287 1463 429 1541 materiae,
437 1462 502 1525 haec
516 1460 623 1545 nequit
638 1460 722 1524 illam
737 1460 870 1544 recipere
881 1460 1050 1526 secundum
1064 1460 1291 1539 intensitatem
1313 1459 1386 1523 sub-

288 1574 383 1639 trahit
394 1594 467 1658 ergo
477 1594 509 1635 se
518 1570 678 1650 violentiae,
688 1569 823 1636 cedendo
837 1580 988 1657 quantum
1003 1566 1116 1657 potest,
1128 1582 1159 1635 et
1173 1581 1262 1635 tanto
1276 1570 1385 1655 magis,

286 1694 402 1771 quanto
416 1683 515 1769 magis
529 1692 667 1767 urgetur.
712 1683 817 1769 Atque
827 1682 886 1747 hoc
900 1683 998 1748 facere
1012 1692 1114 1769 potest
1130 1684 1301 1769 dupliciter,
1314 1682 1386 1767 quia

290 1796 452 1882 dupliciter
471 1795 573 1879 urgeri
590 1803 711 1879 potest:
735 1794 849 1859 scilieet
864 1795 912 1859 vel
933 1795 1114 1875 secedendo,
1131 1796 1157 1859 si
1178 1794 1321 1874 trahitur,
1337 1793 1385 1859 vel

287 1908 465 1987 recedendo,
476 1908 503 1972 si
516 1905 683 1991 repellitur.
728 1904 811 1971 Nam
825 1929 880 1991 per
894 1908 1219 1994 appropinquationem
1233 1905 1333 1970 tendit
1347 1905 1387 1969 ad

290 2028 428 2085 centrum
452 2018 582 2104 agentis,
597 2017 629 2082 id
651 2026 698 2081 est
722 2017 761 2081 ad
783 2025 944 2102 punctum,
959 2018 992 2082 in
1010 2041 1072 2105 quo
1092 2041 1185 2103 agens
1208 2039 1245 2081 ex
1267 2018 1387 2082 defectu

188 2174 192 2183 ‹
290 2132 464 2199 directionis
488 2130 595 2217 nequit
618 2129 792 2193 violentiam
817 2152 972 2195 exercerc:
995 2154 1049 2216 per
1067 2132 1173 2216 fugam
1195 2152 1265 2195 vero
1289 2129 1388 2194 tendit

289 2245 330 2309 ad
348 2233 548 2309 minuendam
571 2241 729 2306 indefinite
744 2241 930 2322 violentiam,
945 2245 1017 2329 quia
1042 2244 1187 2308 distantia
1206 2242 1319 2307 minuit
1340 2242 1389 2306 in·

289 2356 463 2421 tensitatem
478 2353 615 2420 actionis.
638 2420 640 2427 ,

332 2467 484 2532 Velocitas
506 2475 553 2532 est
567 2465 614 2531 vel
640 2465 787 2544 absoluta,
802 2467 851 2531 vel
873 2466 1007 2532 relativa.
1043 2467 1203 2532 »Absoluta
1225 2476 1272 2531 est
1292 2466 1390 2533 forma

289 2588 392 2645 motus
406 2578 528 2643 mobilis
542 2578 576 2642 in
590 2586 677 2641 motu
686 2572 860 2643 existentis:
884 2579 1007 2643 relativa
1017 2589 1064 2644 est
1075 2580 1182 2643 relatio
1192 2580 1388 2643 velocitatum

287 2691 421 2757 duorum
436 2689 594 2755 mobilium
609 2690 642 2753 in
657 2698 745 2754 motu
759 2690 966 2756 existentium.
1012 2691 1119 2768 Quum
1134 2704 1236 2756 autem
1247 2691 1389 2754 velocitas

290 2810 485 2871 mensuretur
499 2802 673 2866 extensione
695 2811 807 2879 motus,
821 2811 852 2866 et
867 2803 984 2869 nullam
1000 2826 1220 2889 cognoscamus
1235 2802 1389 2867 extensio-

290 2938 362 2980 nem
376 2913 557 2993 absolutam,
573 2936 642 2997 quae
665 2913 773 2978 debeat
794 2913 890 2999 accipi
909 2937 965 2999 pro
983 2937 1126 2979 mensura
1140 2915 1271 2979 naturali
1286 2926 1389 2979 exten-

291 3026 394 3105 sionis,
410 3034 495 3111 pstet
509 3024 628 3089 nullam
642 3047 707 3089 esse
718 3026 918 3105 velocitatem,
927 3049 996 3110 quae
1010 3028 1106 3111 accipi
1120 3027 1220 3111 exigat
1234 3050 1290 3111 pro
1305 3050 1390 3091 men·

293 3116 366 3201 sura
379 3136 510 3201 naturali
525 3136 736 3201 velocitatum:
762 3138 825 3217 sed,
842 3139 920 3202 sicut
935 3138 1051 3202 dictum
1067 3147 1113 3203 est
1128 3140 1219 3202 etiam
1239 3140 1276 3203 de
1290 3140 1391 3202 inten-

292 3250 382 3313 sitate
403 3248 436 3311 in
459 3270 579 3332 genere,
602 3248 733 3314 obtineri
755 3250 977 3334 expressionem
1000 3250 1167 3315 velocitatis
1187 3251 1391 3335 comparando
1453 3315 1456 3318 ,

291 3383 385 3426 unam
405 3358 595 3425 velocitatem
615 3382 685 3424 cum
706 3360 774 3439 alia,
794 3384 863 3446 quae
884 3361 1052 3425 assumitur
1070 3361 1226 3426 arbitrario
1243 3385 1300 3447 pro
1319 3364 1389 3427 uni·

291 3482 364 3553 tete,
385 3481 416 3536 et
437 3472 518 3557 ipsas
538 3471 711 3536 velocitates
734 3494 790 3557 per
812 3472 1004 3537 extensiones
1023 3474 1188 3559 respective
1210 3474 1305 3538 factas
1326 3496 1390 3538 me·

291 3584 406 3651 tiendo.

337 3702 388 3763 74.
412 3696 567 3773 Quaeritur
581 3696 817 3781 decimoquinto,
833 3698 971 3779 quomodo
994 3706 1106 3782 tempus
1127 3722 1192 3763 cum
1211 3707 1291 3763 motu
1306 3700 1394 3767 loculi

292 3817 487 3875 connectatur.
654 3810 656 3813 ’
1387 3832 1391 3837 ·

336 3919 526 4005 Responde0,
541 3919 574 3982 in
594 3927 681 3982 motu
700 3918 806 3983 baberi
826 3920 1035 3984 intensitatem
1050 3930 1081 3984 et
1095 3920 1300 3984 extensionem
1323 3938 1392 3983 suo-

293 4033 446 4110 cessivam‚
460 4031 591 4116 primam
606 4039 762 4115 tamquam
782 4014 925 4110 formam,
944 4032 1108 4096 secundam
1126 4042 1393 4118 tamquam-mute·

294 4146 382 4221 riam,
408 4154 444 4207 ut
471 4142 658 4206 dictumest
684 4163 715 4205 n.
742 4144 802 4207 72:
826 4151 949 4226 tempus
978 4151 1093 4221 autem,
1120 4165 1173 4206 seu
1203 4138 1394 4207 durationem

294 4263 397 4320 motus
426 4276 491 4317 esse
520 4253 667 4317 rationem
701 4253 886 4317 extensionis
918 4254 1091 4317 successivae
1120 4253 1159 4316 ad
1188 4253 1395 4318 intensitatem

294 4366 429 4429 eiusdem
455 4371 574 4427 motus:
597 4364 641 4426 ita
661 4371 705 4445 ut,
722 4364 747 4428 si
765 4364 902 4429 extensio
927 4374 1030 4429 motus
1045 4362 1174 4429 'dicatur
1192 4388 1219 4444 a,
1233 4366 1396 4430 intensitas
