3200 4984
223 395 293 439 car.
311 374 350 459 u]
581 398 623 441 nu
640 398 759 443 narnus
776 399 967 443 courxuuis.
1260 386 1324 447 255

222 572 315 647 prout
336 564 401 648 ipse
421 575 523 628 motus
549 546 701 649 cogitatur
722 577 757 629 ut
783 566 946 650 possibilis,
973 567 1075 630 velut
1099 568 1207 631 factus.
1263 568 1325 632 Sed

222 676 288 741 haee
307 698 344 741 ex
358 676 566 762 sequentibus,
587 679 754 763 praesertim
770 700 808 743 ex
820 700 888 763 cap.
903 679 958 758 iii,
974 678 1084 743 elarius
1099 679 1258 763 patebunt.

268 789 320 852 14.
343 787 499 864 Quaeritur
521 788 661 873 septimo,
684 790 758 872 quid
776 791 817 853 sit
837 792 965 873 spatium
986 790 1141 854 relotimuu
1162 800 1192 855 et
1212 794 1245 855 iu
1266 815 1324 875 quo

216 898 371 983 firmior.

268 1009 459 1095 Respondeo,
481 1012 614 1095 spatium
633 1012 791 1077 relativum
816 1012 909 1097 (quod
932 1014 1023 1077 etiam
1039 1013 1137 1078 vocari
1151 1013 1228 1080 solet
1241 1037 1324 1078 com·

222 1124 359 1187 munitet
378 1123 510 1208 spatium
532 1125 597 1188 sine
616 1123 731 1205 addito,
751 1125 877 1210 quiade
899 1147 935 1189 eo
955 1124 1019 1188 solo
1039 1126 1101 1189 fere
1119 1124 1205 1210 loqui
1225 1125 1324 1191 solent

222 1244 291 1309 tum
306 1235 427 1319 vulgus,
442 1243 510 1300 tum
524 1236 584 1321 ipsi
602 1236 786 1321 philosophi)
805 1258 868 1300 non
882 1236 966 1301 aliud
985 1260 1051 1301 esse
1065 1237 1126 1300 nisi
1139 1238 1241 1322 ipsum
1255 1260 1324 1323 spa·

223 1348 301 1411 tium
317 1347 491 1412 absolutum
506 1357 541 1412 ut
555 1351 716 1413 armarere
730 1352 928 1428 terminatum,
944 1349 976 1412 id
991 1358 1037 1414 est
1051 1359 1088 1414 ut
1102 1349 1234 1415 fundans
1248 1350 1324 1416 rela-

223 1459 338 1524 tionem
364 1460 445 1523 inter
470 1459 531 1523 duo
557 1460 604 1523 vel
626 1459 714 1545 plura
739 1461 799 1539 ubi,
823 1483 951 1545 eamque
973 1483 1043 1524 cum
1069 1460 1131 1525 illis
1153 1462 1324 1527 continens.

224 1571 397 1657 Propositio
412 1572 461 1635 vix
481 1571 601 1655 indiget
624 1571 841 1656 explicatione3
873 1594 945 1635 nam
966 1573 1088 1637 evidens
1117 1582 1174 1651 est,
1203 1574 1243 1638 ad
1270 1597 1325 1639 ens

222 1684 384 1751 relativum
402 1684 517 1768 requiri
537 1684 645 1748 saltem
665 1685 743 1748 duos
766 1684 922 1762 terminos,
943 1685 997 1770 qui
1017 1685 1184 1749 secundum
1208 1686 1325 1771 aliquid

222 1796 328 1861 referri
342 1796 470 1881 possint.
516 1795 599 1860 lllud
619 1806 732 1874 autem,
754 1796 923 1860 secundum
938 1796 1021 1875 quod
1037 1796 1098 1860 duo
1113 1796 1159 1861 vel
1174 1797 1272 1883 plura,
1288 1809 1324 1863 ut

223 1907 256 1971 in
282 1907 381 1991 spatio
401 1907 542 1972 absoluto
556 1908 665 1992 posita,
681 1908 719 1972 ad
734 1908 862 1972 invicem
880 1908 1062 1988 referuntur,
1078 1920 1125 1972 est
1138 1910 1240 1994 ipsum
1256 1934 1324 1995 spa

222 2020 303 2083 tium
318 2019 502 2099 absolutum,
514 2029 606 2105 prout
620 2019 730 2083 fundat
746 2019 979 2104 possibilitatem
993 2021 1203 2086 ubicationum
1216 2031 1248 2086 et
1258 2045 1326 2087 mo·

224 2140 313 2196 tuum
336 2133 418 2197 inter
442 2133 607 2197 terminos:
630 2141 661 2196 ct
687 2133 755 2196 ideo
782 2134 915 2217 spatium
938 2133 1114 2198 ahsolutum
1142 2134 1325 2199 terminatur

224 2243 348 2329 quidem
378 2244 573 2308 materialiter
598 2245 637 2308 ad
662 2252 777 2328 puncta
806 2244 982 2323 materialia,
1012 2245 1066 2308 sed
1094 2246 1261 2309 formaliter
1285 2247 1325 2311 ad

224 2377 329 2419 eorum
348 2355 536 2421 ubicationes
556 2354 719 2433 absolutas,
739 2377 808 2439 quae
822 2353 866 2419 sic
879 2354 1011 2419 relatiuae
1024 2357 1114 2420 fiunt.
1160 2356 1241 2432 Quia
1254 2380 1324 2422 vero

223 2466 330 2532 relatio
345 2465 423 2531 nihil
437 2465 521 2531 aliud
541 2477 597 2546 est,
612 2466 672 2529 nisi
692 2465 871 2530 resultantia
890 2465 1028 2551 qnaedam
1044 2489 1079 2530 ex
1097 2468 1247 2551 positione
1261 2481 1324 2532 ter-

225 2580 377 2644 minorum
401 2602 470 2644 eum
491 2579 701 2656 fundamento,
725 2579 838 2663 poterit
861 2579 955 2642 etiam
974 2578 1007 2643 in
1026 2588 1166 2644 concreto
1190 2582 1323 2665 spatium
1360 2598 1365 2605 ·

222 2692 381 2756 relativum
398 2692 516 2755 definiri
527 2692 631 2757 relatio
645 2693 723 2755 iuter
730 2691 823 2775 pluro
836 2691 897 2754 uhi.

268 2808 321 2868 15.
345 2805 484 2889 Spatium
499 2803 659 2868 relativum
674 2811 728 2866 est¹
740 2804 839 2881 reale,¹
850 2802 1102 2887 quotiescumque
1122 2803 1257 2868 existunt
1275 2828 1322 2870 re

224 2916 313 2981 aliter
332 2916 456 2979 termini
475 2914 640 2979 referibiles
660 2913 830 2979 secundum
849 2916 910 2991 uhi,
923 2915 980 2998 qni
997 2936 1117 2999 semper
1135 2925 1209 2979 sunt
1228 2928 1323 2981 mate

224 3028 330 3093 riales:
354 3037 400 3093 est
418 3028 520 3107 ldeole,
544 3027 591 3092 vel
615 3029 831 3111 imapiuorium,
853 3026 978 3112 quando
1000 3027 1123 3091 termini
1147 3028 1324 3113 simpliciter

224 3162 288 3204 non
308 3139 444 3204 existunt
463 3139 496 3202 in
519 3148 638 3216 natura,
660 3138 713 3203 sed
737 3137 786 3202 vel
808 3148 919 3220 mente,
943 3139 991 3201 vel
1010 3138 1228 3222 imaginatione
1250 3164 1323 3206 con-

225 3252 391 3338 cipiuntur.
435 3252 477 3315 Et
497 3252 540 3315 sic
560 3251 693 3335 spatium
714 3249 920 3329 indefinitum,
940 3250 1024 3335 quod
1042 3252 1131 3316 nohis
1150 3254 1324 3337 effingimus

218 3386 279 3449 -per
303 3364 562 3448 imaginationem.
575 3363 656 3427 ultra
684 3384 776 3426 omne
805 3373 951 3441 creatum,
983 3362 1126 3447 qnodque
1149 3363 1324 3450 philosophi

224 3483 407 3543 vocaverunt
424 3475 649 3558 imaginarium,
674 3496 735 3537 non
759 3482 807 3536 est
832 3473 965 3557 spatium
981 3472 1164 3553 ahsolutum,
1180 3475 1234 3539 sed
1247 3477 1323 3540 rela-

225 3588 332 3651 tivum.
379 3587 459 3651 Nam
476 3586 654 3670 imaginatio
670 3608 739 3648 non.
749 3594 851 3669 potest
865 3584 1090 3669 apprehendere
1104 3586 1248 3669 spatium,
1263 3588 1324 3652 nisi

189 3749 193 3758 .
224 3698 329 3762 habita
346 3699 463 3762 ratione
486 3698 686 3762 terminorum
707 3696 907 3775 sensibilium,
928 3718 1059 3780 quorum
1073 3696 1250 3762 relationem
1264 3700 1325 3763 sibi

226 3818 423 3893 repraerentat
446 3832 500 3895 per
525 3809 708 3894 phantasma
722 3830 881 3892 corporee
901 3807 1086 3892 capacitatis.
1130 3807 1325 3895 Quapropter

225 3922 359 4007 spatium
384 3922 600 4006 imaginarium
625 3920 820 3984 indefinitum
852 3942 915 3983 non
946 3928 1049 4003 potest
1080 3921 1227 3985 confundi
1253 3944 1324 3986 cum

217 4034 323 4118 spatio
342 4033 484 4101 absoluto
506 4033 638 4112 infinito,
664 4032 735 4096 licet
760 4032 852 4116 spatii
872 4031 1023 4095 indefiniti
1046 4034 1272 4116 repraesentatio
1290 4035 1323 4098 in

224 4145 314 4210 uobis
343 4167 463 4231 semper
489 4146 652 4210 comitetur
685 4152 864 4228 conceptum
900 4143 991 4226 spatii
1020 4142 1161 4223 absoluti,
1194 4148 1325 4230 eumque

224 4256 449 4342 quodammodo
472 4246 653 4321 sensibiliter
672 4256 799 4332 vestiat3
823 4254 906 4339 quod
931 4254 1041 4319 accidit
1069 4266 1194 4340 propter
1211 4279 1324 4323 nexum

225 4370 395 4433 naturalem
419 4369 602 4454 operationis
622 4366 826 4450 imaginativae
846 4380 916 4428 'cum
936 4364 1128 4444 intellectiva,
1146 4366 1180 4430 id
1196 4377 1243 4431 est
1261 4390 1324 4431 non

224 4505 260 4547 ex
275 4491 383 4545 natura
397 4481 464 4565 ipsa
477 4480 596 4558 obiecti,
613 4478 665 4542 sed
681 4500 716 4541 ex
731 4476 904 4541 conditione
920 4474 1057 4539 subiecti.
