3200 4984
210 375 279 419 car.
297 356 337 439 a]
534 378 576 420 aa
593 372 797 422 soasrlnrra
815 374 1000 421 corrosas.
1251 355 1313 418 113

213 522 373 613 Quantitas
391 542 596 606 mathematica
609 565 668 606 noa
687 543 764 607 alias
783 542 865 605 dotea
888 541 1012 619 antibat,
1029 560 1116 622 qaam
1137 559 1200 621 qna
1217 558 1315 601 casem

210 651 322 715 tiatiter
337 660 501 736 competant
516 655 701 737 quantitati:
724 655 809 737 atqui
826 653 989 736 quantitati
1006 650 1215 714 mathematica
1234 672 1312 713 com·

202 762 284 844 petit
305 783 366 826 ease
387 764 566 828 dirmetum.-
595 787 664 849 erpo
686 766 780 829 amnia
802 765 964 847 qraantitaa
986 762 1074 825 etiam
1097 780 1245 842 corporea,
1267 769 1312 825 eat

207 871 343 952 dumeta,
358 896 417 936 non
435 878 584 939 continua.
630 874 714 952 Quid
735 874 874 941 dicturus
895 874 934 937 sit
955 882 1070 949 auctor,
1091 872 1211 949 nesci03
1238 895 1311 939 nam

207 991 289 1047 certe
311 984 525 1051 mathematica
542 986 631 1052 docet
650 1010 811 1052 numerare
831 1010 879 1051 res
898 986 1061 1064 discretas;
1083 994 1115 1048 et
1129 983 1197 1047 ideo
1212 1006 1312 1069 quan·

207 1093 280 1157 titas
296 1094 426 1160 discreta
440 1104 487 1161 est
502 1098 568 1162 cius
582 1098 747 1164 obiectum.
793 1098 886 1175 Quod
901 1098 926 1163 si
941 1098 1097 1183 quantitas
1113 1095 1243 1160 discreta
1263 1104 1311 1161 est

207 1205 362 1289 quantitas
387 1208 611 1290 mathematica,
632 1219 787 1274 ettamen
811 1232 873 1274 non
893 1218 940 1273 est
960 1207 1120 1273 essentiale
1142 1207 1309 1294 quantitati

206 1317 432 1383 mathematicae
461 1343 527 1385 esse
556 1321 728 1402 discretam,
753 1322 880 1386 omnino
911 1320 1074 1385 dicendum
1105 1327 1162 1399 est,
1192 1319 1309 1405 aliquid

205 1438 376 1513 competere
391 1432 557 1516 quantitati
571 1434 802 1512 mathematica,
818 1434 901 1519 quod
915 1455 979 1498 non
995 1432 1034 1497 sit
1049 1430 1209 1497 essentiale
1223 1431 1308 1495 omni

205 1540 381 1622 quantitati.
425 1541 600 1608 Dicendum
626 1552 731 1610 autem
753 1554 811 1625 est,
827 1544 909 1630 quod
933 1544 991 1608 hoc
1017 1542 1118 1609 solum
1141 1551 1188 1605 cst
1206 1564 1310 1605 essen·

204 1648 278 1715 tiele
300 1652 474 1736 quantitati,
490 1654 573 1739 quod
589 1658 689 1739 possit
712 1658 857 1740 suscipere
879 1656 974 1740 asapia
996 1664 1026 1720 ct
1048 1656 1162 1719 minua:
1193 1654 1226 1717 in
1250 1654 1308 1717 hoc

125 1813 133 1837 2
204 1760 288 1824 enim
303 1763 510 1829 mathematici
526 1774 607 1829 recte
621 1766 815 1830 constituunt
833 1775 930 1831 totam
947 1766 1098 1830 rationem
1115 1763 1307 1829 essentialem

203 1871 395 1955 quantitatis.
438 1874 516 1937 Esse
540 1884 642 1939 autem
668 1875 829 1941 discretam
855 1875 903 1941 vel
926 1876 1114 1954 continuam,
1132 1874 1191 1939 hoc
1216 1875 1307 1939 efficit

204 1983 338 2049 diversas
363 1986 479 2070 species
504 1987 695 2071 quantitatis.
740 1987 790 2051 De
813 1987 943 2052 discreta
969 1996 1082 2064 autem,
1109 2008 1174 2051 non
1204 1986 1307 2050 minus

204 2118 298 2181 quam
318 2096 356 2161 de
375 2098 530 2177 continua,
545 2106 643 2183 agrmt
662 2100 890 2164 mathematici:
913 2120 987 2183 ergo
1008 2098 1120 2162 falsum
1138 2105 1194 2175 est,
1210 2120 1309 2181 quan·

203 2208 323 2273 titatem
339 2208 585 2274 mathematicam
600 2233 666 2275 esse
680 2212 881 2276 essentialiter
896 2210 1084 2274 continuam.

249 2319 311 2383 Sed
325 2320 398 2405 quia
417 2330 533 2401 auctor,
548 2345 646 2407 quum
663 2323 803 2386 nominat
822 2322 1026 2406 quantitatem
1048 2318 1308 2397 mathematicam,

203 2430 350 2516 intelligit
365 2440 487 2498 tantum
503 2434 739 2518 geometricam
761 2433 831 2497 ideo
846 2431 991 2518 respondi
1006 2454 1099 2517 supra
1112 2453 1166 2516 per
1181 2430 1310 2495 distinc-

203 2542 329 2623 tionem,
344 2543 433 2608 cuius
446 2544 525 2607 ratio
539 2544 662 2609 evidens
677 2554 734 2609 est.
780 2544 873 2623 Nam,
888 2544 915 2608 si
935 2544 1092 2629 quantitas
1113 2541 1306 2626 geometrica,

204 2661 240 2715 ut
257 2653 441 2733 notavimus,
456 2662 503 2717 est
524 2655 681 2739 quantitas
696 2655 789 2739 spatii
804 2654 931 2733 relativi,
945 2654 1096 2717 limitibus
1111 2675 1222 2738 nempe
1237 2652 1307 2737 qui-

203 2762 332 2828 busdam
358 2765 586 2849 comprehensa,
613 2764 737 2829 evidens
760 2774 818 2843 est,
842 2766 875 2829 in
900 2772 1023 2828 tantum
1047 2785 1175 2848 corpora
1195 2761 1308 2826 habere

202 2874 287 2938 illam
301 2876 506 2961 quantitatem
521 2877 747 2960 geometricam,
763 2876 796 2939 in
815 2884 965 2961 quantum
989 2875 1113 2939 termini
1135 2874 1307 2941 materiales

203 3008 364 3071 corporum
386 2987 650 3072 comprehendunt
667 2988 793 3073 aliquod
813 2988 957 3073 spatium,
973 2988 1039 3051 sine
1057 3009 1119 3071 quo
1136 3009 1199 3050 non
1215 2986 1306 3050 datur

202 3097 359 3182 quantitas
388 3099 583 3181 geometrica.
629 3099 712 3163 Hinc
738 3099 824 3163 locus
846 3099 992 3182 corporis,
1014 3121 1077 3163 non
1107 3106 1209 3162 autem
1239 3098 1307 3165 eius

204 3210 340 3288 materia,
356 3219 403 3273 est
423 3209 457 3271 in
477 3209 632 3273 infinitum
654 3209 823 3273 divisibilis.
869 3210 910 3275 Et
929 3210 993 3274 haec
1008 3210 1165 3295 responsio
1180 3210 1306 3273 omnino

203 3320 293 3385 solvit
322 3320 533 3406 quaestionem.
587 3321 680 3385 Plura
717 3322 755 3387 de
784 3323 883 3407 spatio
914 3322 981 3386 vide
1014 3322 1097 3407 apud
1126 3322 1304 3403 Boscorich,

202 3454 292 3517 opere
306 3434 410 3511 citato,
425 3434 458 3497 in
473 3432 641 3519 appendice
655 3434 746 3497 etiam
763 3434 897 3519 speciali.

245 3546 299 3607 29.
324 3544 369 3609 Ut
394 3567 464 3609 vero
493 3544 571 3621 nihil
599 3544 780 3609 omittamus
809 3568 925 3623 eorum,
956 3569 1025 3630 quae
1054 3555 1160 3611 auctor
1188 3547 1304 3627 obiicit,

201 3655 359 3736 addemus,
374 3656 461 3722 iuxta
479 3678 551 3720 eum
572 3657 774 3740 quantitatem
789 3657 1036 3721 mathematicam
1052 3658 1163 3723 habere
1177 3660 1306 3726 valorem

202 3768 353 3849 qmmdam
371 3769 535 3831 absolutam
556 3777 585 3832 et
604 3770 794 3835 abactionem:
825 3768 919 3854 quod,
938 3769 996 3833 etsi
1018 3791 1081 3832 non
1102 3768 1174 3832 facit
1193 3770 1305 3836 directe

201 3889 306 3944 contra
328 3902 394 3958 nos,
417 3889 550 3944 meretur
572 3888 675 3944 tamen
698 3882 873 3960 examinari,
895 3881 967 3965 quia
988 3890 1035 3944 est
1057 3880 1303 3969 fundamentum,

201 4013 262 4075 quo
287 4001 399 4056 auctor·
418 3992 530 4056 nititur
552 3991 808 4076 adprobandum
832 3991 1032 4076 geometriam
1055 4013 1120 4055 csse
1147 3991 1305 4059 scientiam

201 4103 321 4167 realem.

244 4192 305 4279 “Sed
320 4215 574 4280 considerandum
590 4216 894 4310 est,‚mathemqticos
910 4238 999 4299 agere
1017 4215 1056 4279 de
1075 4214 1189 4300 triplici
1207 4237 1304 4300 quan,

198 4326 298 4405 mate,
322 4328 477 4407 interr-siaa,
503 4330 721 4409 caturcinam
750 4302 907 4393 nam-isica.
955 4327 1120 4405 Quannus
1149 4328 1305 4397 numerica

1118 4462 1131 4507 1
