3200 4984
230 342 304 393 car.
321 324 375 409 11.]
542 346 585 391 nr
601 345 802 389 snasrrurm
818 344 999 389 consonus.
1274 326 1337 392 133

231 513 290 579 sibi
313 514 478 600 propriam.
524 516 610 579 Nam
625 515 713 580 'actio
736 514 875 599 sequitur
900 508 976 593 esse,
1002 522 1033 578 et
1058 513 1281 579 determinatio.
1295 514 1335 579 ad

228 626 383 709 agendum
406 627 545 711 sequitur
566 626 852 692 determinationem
872 626 911 690 ad
933 624 1106 705 essendum,
1127 648 1181 690 sen
1202 625 1332 709 gradum

227 737 421 801 entitativum
439 737 520 802 entis
528 762 538 816 3
561 760 596 802 ac
618 737 755 823 proinde,
776 736 900 821 qnando
918 728 973 801 ens
992 745 1039 801 est
1053 733 1179 801 omnino
1194 736 1332 822 simplex,

227 848 337 933 nequit
356 832 499 913 essenisi
516 848 643 913 unicum
662 848 848 933 principium
871 847 1013 927 activum,
1033 846 1155 911 unicam
1177 846 1217 912 ad
1238 868 1331 931 agen-

227 960 303 1024 dum
319 960 603 1025 determinationem
617 960 734 1025 habens
750 959 809 1024 sibi
830 958 1033 1023 essentialem.
1077 959 1174 1043 Atqui
1189 981 1225 1023 ex
1239 958 1331 1024 unica

226 1072 481 1136 determinatione
502 1071 668 1136 intrinseca
690 1080 722 1135 et
744 1070 899 1135 essentiali
919 1092 984 1135 non
1007 1078 1134 1133 manant
1157 1040 1224 1135 diue
1245 1069 1329 1154 leges

227 1182 370 1262 diversae3
400 1204 472 1247 uam
497 1182 566 1247 duae
588 1183 672 1266 leges
697 1191 771 1246 sunt
797 1181 860 1247 duo
881 1182 1006 1246 effectus
1030 1180 1181 1261 formales,
1207 1190 1238 1246 et
1261 1181 1329 1247 ideo

226 1292 354 1377 exigunt
369 1294 444 1359 duas
455 1295 569 1359 formas
583 1294 831 1359 determinantes.
875 1294 959 1378 Ergo
973 1294 1065 1358 unica
1078 1301 1125 1357 est
1139 1292 1188 1357 lex
1201 1286 1330 1359 actionis

225 1404 369 1469 elementi
383 1405 549 1470 materialis
563 1428 620 1491 pro
634 1405 742 1490 quavis
757 1405 903 1469 distantia
924 1405 986 1469 sive
1000 1427 1123 1489 magna,
1139 1404 1201 1469 sive
1216 1427 1327 1489 parva:

225 1522 256 1581 'et
272 1516 351 1581 sicut
366 1517 399 1581 in
419 1539 533 1601 magna
552 1526 599 1588 est
619 1516 698 1581 ratio
720 1516 840 1581 inversa
860 1516 1018 1600 quadratae
1038 1516 1200 1596 distantiae,
1218 1517 1262 1581 ita
1281 1510 1328 1581 est

224 1627 318 1691 etiam
332 1628 366 1691 in
381 1650 483 1713 parra.
530 1628 563 1692 Si
583 1626 653 1713 quis
674 1626 746 1692 velit
766 1627 854 1691 aliter
876 1627 984 1707 dicere,
1003 1626 1049 1691 illi
1062 1626 1254 1711 probandum
1270 1636 1327 1707 est,

223 1761 314 1823 posse
328 1739 405 1804 duas
424 1740 508 1825 leges
528 1739 596 1804 illas
614 1740 748 1804 diversas
767 1739 930 1823 procedere
952 1738 1202 1804 aconstitutione
1216 1738 1327 1803 intrin-

223 1872 292 1913 seca
306 1858 338 1913 et
353 1849 507 1914 essentiali
521 1851 614 1914 unius
629 1849 772 1914 elementi
787 1850 943 1934 simplicis.

267 1961 351 2026 Addi
364 1971 467 2047 potest
489 1962 579 2026 tertia
596 1961 674 2025 ratio
694 1984 730 2025 ex
749 1960 891 2025 absurdo.
937 1961 971 2025 Si
988 1962 1071 2025 enim
1089 1961 1137 2027 lex
1152 1962 1279 2026 actionis
1294 1963 1327 2026 in

222 2073 340 2138 ratione
354 2073 475 2138 inversa
494 2073 712 2158 quadratorum
734 2071 949 2136 distantiarum
969 2072 1003 2135 in
1022 2072 1158 2138 minimis
1174 2073 1328 2138 distantiis

222 2183 372 2248 mutanda
388 2192 468 2248 esset
487 2184 522 2247 in
544 2183 644 2267 legem
667 2181 795 2247 actionis
816 2182 849 2246 in
871 2174 989 2246 ratione
1010 2182 1130 2247 inversa
1151 2184 1328 2249 cubicarum

223 2294 447 2375 distantiarum,
463 2303 517 2359 aut
534 2294 651 2358 altioris
673 2293 819 2379 potentiae
840 2293 1026 2373 earumdem,
1047 2316 1118 2378 quae
1139 2294 1187 2358 lex
1204 2295 1327 2360 duraret

221 2428 318 2491 usqne
333 2406 374 2470 ad
387 2414 537 2483 centrum,
553 2412 589 2469 ut
601 2411 781 2489 supponunt
796 2405 831 2467 P.
843 2403 1043 2483 Boschovieh,
1059 2404 1200 2485 Newton,
1213 2414 1244 2470 et
1259 2406 1327 2491 qui·

222 2516 293 2580 dam
320 2516 407 2595 alii*,
434 2515 612 2602 sequeretur
636 2514 699 2579 vim
725 2514 869 2578 elementi
891 2514 1055 2579 materialis
1078 2538 1143 2579 esse
1169 2516 1328 2582 entitativc

221 2628 395 2707 infinitam3
418 2628 501 2713 quod
521 2634 568 2691 est
588 2626 767 2691 absurdum.
814 2626 883 2690 Hoc
903 2634 1004 2690 autem
1027 2626 1071 2690 ita
1089 2649 1154 2691 esse
1168 2620 1338 2713 apparebit

220 2762 258 2803 ex
272 2740 471 2825 sequentibus
486 2738 632 2817 numeris,
647 2737 703 2802 ubi
721 2736 903 2817 videbimus,
919 2746 1111 2821 argumenta,
1126 2738 1240 2824 quibus
1253 2762 1326 2805 con·

221 2852 360 2915 tenditur
374 2851 534 2916 ostendere
548 2850 627 2915 vires
641 2849 863 2913 elementorum
885 2871 951 2913 esse
968 2848 1110 2917 absolute¹
1124 2858 1155 2914 et
1169 2851 1327 2917 entitative

220 2962 367 3042 infinitas,
393 2962 463 3026 ideo
488 2970 611 3025 tantum
634 2959 744 3024 resolvi
768 2981 869 3043 posse,
896 2959 969 3043 quia
994 2960 1131 3045 aequatio
1154 2961 1326 3047 exprimens

220 3074 320 3157 legem
335 3073 463 3137 actionis
478 3082 525 3137 est
539 3080 663 3136 tantum
679 3071 805 3135 secundi
821 3070 934 3154 gradus
942 3096 952 3149 3
976 3080 1016 3149 et,
1033 3072 1059 3135 si
1073 3072 1204 3157 aequatio
1218 3073 1324 3139 eadem

220 3184 304 3248 hunc
319 3183 449 3269 gradum
463 3183 629 3262 excederet,
645 3181 731 3245 nulla
745 3189 915 3245 remaneret
929 3181 1086 3265 responsio
1100 3184 1140 3247 ad
1157 3182 1325 3252 absurdum

222 3295 447 3359 declinandum.
496 3295 581 3378 Ergo
610 3293 741 3378 aequatio
770 3300 991 3377 representans
1012 3293 1122 3377 legem,
1153 3296 1323 3360 secundum

220 3430 313 3491 quam
335 3408 400 3491 agit
422 3408 557 3485 materia,
579 3405 685 3491 nequit
708 3426 762 3489 pro
785 3404 920 3468 minimis
944 3404 1098 3470 distantiis
1119 3406 1185 3469 fieri
1207 3406 1323 3473 altioris

220 3518 345 3597 ordinis,
370 3540 462 3602 quam
491 3539 548 3601 pro
577 3515 762 3594 maioribus3
784 3525 816 3579 et
839 3515 882 3580 sie
907 3514 996 3591 unica
1019 3524 1065 3580 est
1088 3516 1136 3581 lex
1158 3539 1214 3603 pro
1237 3520 1327 3585 omni

222 3628 377 3694 distantia.
1091 3690 1094 3695 .

264 3743 317 3805 50.
340 3742 431 3805 Dices
441 3764 478 3805 ex
489 3740 524 3805 P.
539 3739 748 3804 Boschovich:
770 3738 844 3802 Non
856 3745 902 3802 est
918 3760 995 3823 opus
1009 3760 1121 3823 ponere
1137 3738 1213 3819 duas
1228 3739 1311 3824 leges

257 3975 271 4002 *
289 3973 429 4043 Attractio,
448 3991 505 4045 quea
522 3972 551 4027 in
568 3972 706 4027 wlsaeeione
722 3990 749 4025 ee
760 3971 860 4043 prodit,
879 3976 916 4025 eat
936 3971 982 4025 itta
1001 3971 1104 4043 quidem
1121 3971 1150 4026 in
1167 3972 1320 4029 immensum

220 4061 312 4128 accior,
325 4080 404 4132 ptam
416 4080 473 4133 que
484 4081 516 4116 ec
530 4061 647 4133 qcrwrali
660 4061 788 4131 pravitate
805 4060 966 4131 consequitur
979 4099 985 4113 .
1004 4099 1011 4113 .
1031 4098 1038 4113 .
1058 4098 1064 4112 .
1084 4060 1122 4113 Et
1134 4060 1229 4115 idcirco
1241 4062 1320 4115 New·

221 4154 294 4201 tomn
308 4149 389 4202 ctiam
405 4134 580 4203 admiss't'cim
592 4166 646 4219 pro
663 4148 809 4216 cohmsione,
828 4166 885 4217 qnae
902 4148 1029 4200 denescat
1047 4146 1076 4200 in
1093 4147 1193 4201 ratione
1214 4149 1320 4218 nectere,

221 4252 300 4303 quom
310 4235 344 4288 sit
361 4235 493 4305 reciproca
509 4235 641 4306 duplicato
659 4233 852 4302 distantiarum,
869 4236 919 4288 etc.
941 4232 1126 4305 (Boschovich
1144 4233 1240 4291 Theor.
1255 4252 1281 4307 p.
1297 4237 1320 4292 1.

220 4338 246 4374 m
260 4320 333 4393 121).
