3200 4984
767 396 806 465 ix

243 595 430 682 collocare,
448 595 653 668 reformatis
670 598 938 690 quodammodo
956 597 1155 685 ordinibus,
1174 599 1285 686 volui,
1300 609 1342 672 ut

243 721 454 793 consociatis
470 721 617 808 viribus,
635 746 677 794 ac
694 722 794 796 velut
811 748 885 795 uno
905 747 1030 795 omnes
1043 724 1198 820 agmine,
1218 734 1343 797 contra

241 847 407 919 inimicos
425 847 584 919 veritatis
600 855 738 920 certare
755 849 946 944 possimus.
1250 938 1262 960 z

293 972 447 1044 Initium
465 981 589 1046 autem
607 973 697 1046 duxi
713 998 737 1046 1
745 975 881 1070 primis
889 975 1086 1072 peramplis
1101 997 1221 1048 rerum
1237 949 1343 1047 actu

241 1097 386 1185 rudium,
406 1099 451 1169 de
468 1099 601 1191 quibus
618 1099 885 1195 disputationes
900 1099 1117 1172 exstiterunt
1134 1124 1248 1195 prope
1264 1101 1343 1172 infi-

240 1224 348 1296 nitae:
379 1224 542 1316 sequitur
555 1232 730 1297 tractatus
744 1225 787 1298 dc
803 1225 1003 1298 substantio
1020 1225 1251 1322 corpoream
1268 1250 1341 1318 quo
1412 1205 1415 1210 ’

241 1349 358 1421 multa
371 1349 616 1422 discutiuntur
633 1351 680 1422 ad
697 1350 950 1446 explicandam
967 1358 1136 1421 naturam
1150 1373 1341 1445 corporum

240 1475 460 1547 necessaria:
488 1474 618 1546 tertius
635 1475 734 1547 venit
760 1482 937 1548 tractatus
955 1476 998 1549 de
1023 1475 1136 1549 tribas
1153 1475 1340 1562 contiuua,

240 1600 278 1671 id
297 1610 351 1673 est
369 1603 414 1672 de
432 1600 560 1696 spati0,
579 1601 770 1673 duratione
796 1609 835 1674 et
852 1610 968 1689 motu,
980 1692 983 1697 Ι
994 1625 1075 1694 quae
1093 1601 1164 1673 tria
1188 1600 1341 1672 arctissi-

240 1751 342 1798 mum
367 1750 452 1798 oum
477 1727 584 1798 rebus
604 1728 786 1822 corporeis
802 1752 939 1800 nexum
964 1728 1112 1814 habent,
1131 1735 1169 1799 et
1191 1727 1341 1798 maximi

239 1853 416 1924 momenti
439 1852 671 1925 difficultates
704 1853 743 1924 in
778 1878 816 1925 se
839 1852 1038 1925 continent.
1103 1852 1228 1944 Atque
1261 1852 1340 1923 haec

240 1979 388 2071 quidem
404 1977 515 2050 huius
532 1979 641 2073 primi
657 1979 851 2050 voluminis
867 1979 1021 2050 materia
1036 1986 1099 2050 est.
1223 1997 1228 2003 ·

291 2104 433 2190 Fateor,
452 2128 511 2176 me
539 2103 648 2176 celeri
675 2128 769 2198 saepe
795 2128 908 2175 manu
926 2104 1098 2201 (urgebat
1124 2103 1222 2175 enim
1239 2103 1340 2174 audi-

241 2237 362 2302 torum
391 2228 600 2326 necessitas)
629 2230 709 2300 haec
742 2231 787 2300 de
821 2230 931 2301 rebus
960 2228 1177 2326 gravissimis
1206 2228 1341 2324 scripta

241 2379 415 2441 exarasse,
433 2378 501 2426 nec
524 2354 647 2426 omnia
664 2379 729 2449 pro
747 2355 885 2446 ‚merito
903 2353 1120 2440 discussisse,
1139 2377 1206 2424 nec
1218 2353 1339 2425 ullum

240 2480 285 2553 ab
314 2479 519 2553 eruditione
555 2478 808 2574 philosophica
842 2477 1073 2574 splendorem
1106 2476 1214 2549 rebus
1244 2501 1339 2548 oom-

239 2631 393 2701 parasse,
410 2630 478 2678 nec
495 2606 589 2678 circa
604 2604 783 2676 rationem
795 2605 971 2697 loquendi
983 2628 1098 2697 usque
1109 2605 1199 2677 adeo
1212 2603 1339 2675 limam

166 2717 170 2728 ¹
241 2731 452 2818 exercuisse,
470 2738 513 2801 ut
529 2729 622 2801 mihi
637 2729 709 2824 ipsi
733 2729 916 2824 potuerim
933 2727 1149 2816 satisfacere,
1168 2735 1205 2800 et
1222 2728 1340 2800 multa

236 2857 327 2928 ¹vivae
337 2856 433 2928 vocis
451 2855 611 2927 subsidio
629 2854 761 2926 elarius
778 2862 843 2926 aut
861 2854 1005 2949 plenius
1016 2854 1213 2927 evolvenda
1229 2878 1339 2926 reser-

238 3005 348 3053 vasse.
404 2980 490 3052 Non
516 3003 601 3076 ergo
629 2980 800 3066 mirabor,
828 2979 859 3050 si
885 2978 1074 3065 nonnulla,
1096 2978 1241 3051 levioris
1266 2977 1338 3049 for·

240 3115 333 3178 tasse
345 3106 533 3190 momenti,
545 3114 589 3176 ut
600 3128 693 3191 reor,
704 3104 922 3199 reprehendi
935 3103 1134 3200 contingat,
1149 3105 1194 3175 de
1204 3103 1339 3197 quibus

240 3232 270 3302 si
286 3231 368 3324 quis
385 3254 444 3302 me
462 3231 578 3303 amice
595 3228 788 3316 monuerit,
816 3229 971 3324 gratiam
996 3227 1159 3300 habebo:
1188 3230 1262 3316 sed,
1280 3227 1339 3300 vel

239 3356 297 3427 his
320 3357 376 3427 ita
399 3381 436 3427 se
461 3355 692 3441 habentibus,
712 3355 840 3441 sentio,
859 3353 1017 3450 opellam
1043 3353 1137 3426 hanc
1154 3378 1274 3426 meam
1291 3355 1338 3425 ad

239 3483 520 3577 promovendam
531 3479 834 3575 philosophorum
845 3479 1072 3552 concordiam
1086 3485 1123 3550 et
1134 3477 1338 3574 pleniorem

239 3606 398 3678 veritatis
415 3604 688 3691 assecutionem,
708 3605 910 3700 pracsertim
928 3611 1077 3700 propter
1095 3603 1230 3677 multas
1247 3604 1339 3675 diffi-

240 3731 365 3802 cilium
376 3754 498 3802 rerum
516 3730 762 3817 enodationes,
782 3755 873 3823 quas
889 3731 1038 3818 tentavi,
1055 3754 1131 3802 non
1147 3729 1242 3802 nihil
1258 3754 1338 3825 pro·

238 3855 412 3944 futuram,
431 3856 551 3949 siquo
570 3856 770 3928 concordiae
788 3881 830 3928 ac
856 3856 1017 3928 veritatis
1034 3856 1154 3928 studio
1172 3865 1339 3951 suscepta

238 4007 344 4054 ame
371 3981 454 4068 fuit,
479 3984 606 4054 eodem
634 3982 847 4077 excipiatur.
899 3983 938 4054 Si
972 3982 1144 4075 quivero
1179 3991 1265 4055 sunt
1298 3983 1337 4054 in

239 4106 485 4202 peripateticis
515 4105 747 4202 dogmatibus
781 4105 889 4177 unice
916 4106 1080 4192 enutriti,
1108 4106 1242 4199 quibus
1269 4130 1336 4202 ego

221 4239 386 4326 propter
416 4230 581 4325 superius
607 4229 705 4301 dicta
724 4230 847 4302 videar
867 4239 1005 4303 veteres
1027 4231 1222 4326 despicere,
1249 4254 1337 4327 rogo

239 4380 299 4427 eos
322 4363 365 4427 ut
390 4379 464 4426 non
486 4364 571 4427 ante
595 4357 768 4442 iudicent,
787 4381 898 4449 quam
916 4358 1080 4429 ordinate
1097 4356 1243 4453 legant:
1270 4380 1338 4428 nec
