3200 4984
293 384 361 448 220
610 403 655 448 ur
670 404 1070 450 soasrasnracoaroaua.
1239 385 1327 478 [aar.
1341 403 1398 451 111.

293 590 390 633 unum
411 568 598 637 elementum
620 573 755 659 eorporis
776 572 850 652 dati,
866 570 929 637 nou
949 572 1008 635 erit
1025 594 1049 657 9
1066 570 1220 636 resultans
1240 572 1397 637 actionum

292 703 369 766 pure
383 682 620 763 attractivarum,
637 684 691 749 sed
705 706 846 750 excessus
867 682 1045 749 resultantis
1058 684 1286 748 attractivarum
1303 707 1396 770 sopra

292 792 491 859 resultantem
514 795 745 880 repulsivamm.
793 796 876 861 Hine
894 795 921 859 si
942 818 1043 859 massa
1062 794 1165 859 totalis
1185 803 1272 860 terrae
1294 796 1335 859 sit
1358 797 1394 876 T,

291 903 443 970 elementa
456 906 522 971 eius
536 907 696 975 attractiva
710 931 748 986 m,
763 907 917 993 repulsiva
930 908 977 986 ml,
991 907 1049 971 erit
1064 905 1187 991 quidem

698 1066 704 1077 .
751 1015 939 1092 ΤΗΝ-Μ’.
1091 1074 1094 1077 ,

294 1126 354 1193 Sed
376 1128 538 1194 intersitas
562 1130 608 1195 vis
637 1130 817 1195 attractivae.
834 1129 963 1194 efficacis
987 1128 1045 1194 erit
1067 1129 1302 1215 proportionalia
1331 1130 1390 1193 dil-

290 1238 431 1304 ferentia
444 1238 563 1322 m-m',
579 1241 686 1306 saltem
709 1242 736 1306 si
750 1242 903 1307 elementa
924 1241 1082 1306 attractiva
1095 1250 1127 1304 et
1147 1240 1301 1326 repulsiva
1318 1264 1391 1326 sup·

292 1359 447 1434 ponantur
481 1352 609 1439 aequalia
645 1361 676 1417 et
712 1352 909 1417 uniformiter
945 1352 1108 1417 distributa
1143 1352 1177 1416 in
1212 1363 1276 1417 tota
1304 1363 1391 1417 terrae

292 1484 401 1526 massa.

335 1571 468 1649 Quando
489 1596 559 1641 vero
581 1576 683 1661 agitur
706 1575 743 1641 de
763 1576 882 1641 actione
902 1576 936 1640 in
961 1598 1090 1661 magnas
1116 1576 1287 1658 distantias,
1313 1588 1350 1641 ut
1373 1601 1392 1642 a

291 1693 371 1749 terra
386 1684 425 1749 ad
446 1686 562 1766 lunam,
579 1686 753 1753 distributio
775 1688 1008 1769 elementorum,
1023 1688 1115 1752 etiam
1135 1710 1198 1751 non
1220 1690 1390 1769 uniformis,

290 1797 397 1881 nequit
418 1820 540 1863 causare
562 1798 735 1863 sensibilem
759 1800 965 1865 diversitatem
987 1801 1021 1864 in
1042 1800 1171 1865 ellectu:
1196 1814 1228 1864 et
1253 1810 1337 1881 tune,
1364 1802 1391 1865 si

289 1907 439 1974 elementa
464 1910 526 1976 sint
551 1933 637 1996 mque
655 1911 786 1992 intensa,¹
808 1912 972 1976 intensitas
994 1912 1041 1976 vis
1053 1911 1231 1976 'attractivae
1253 1912 1388 1992 efficacis,

290 2042 344 2084 seu
367 2021 528 2088 intensitas
557 2023 693 2102 effectus,
717 2023 775 2087 erit
804 2021 1244 2108 proportionalisdifferentiae
1272 2021 1388 2104 m-m',

289 2155 488 2219 quaecumque
505 2134 545 2199 sit
559 2135 743 2199 distributio.
791 2135 827 2198 Si
840 2156 914 2219 ergo
930 2133 1036 2198 datum
1052 2154 1163 2217 eorpus
1176 2134 1389 2197 transferretur

290 2254 402 2309 aterra
419 2246 459 2310 ad
479 2246 574 2312 alium
596 2246 763 2332 planetam,
781 2246 870 2309 cuius
888 2267 988 2309 massa
1006 2244 1146 2309 absoluta
1166 2260 1246 2308 esset
1268 2244 1388 2329 duplex,

289 2377 352 2420 non
367 2356 435 2421 ideo
450 2380 560 2443 corpus
582 2358 751 2444 acquireret
765 2357 879 2441 duplex
893 2355 1024 2441 pondus,
1040 2365 1095 2421 aut
1114 2356 1228 2441 duplici
1241 2358 1389 2441 gravitate

290 2468 513 2551 sollicitaretur,
528 2472 589 2536 uisi
609 2470 700 2535 etiam
715 2469 873 2555 proportio
896 2470 976 2533 inter
989 2491 1152 2533 numerum
1168 2469 1387 2533 elementorum

288 2582 517 2647 attractivornm
532 2592 564 2647 et
585 2580 807 2667 repulsivorum
823 2602 891 2664 quae
906 2589 980 2643 sunt
995 2579 1027 2642 in
1042 2578 1175 2663 planeta,
1190 2580 1295 2643 eadem
1309 2589 1388 2644 esset

287 2712 322 2755 ac
336 2691 369 2754 in
384 2702 474 2772 terra,
491 2716 545 2758 sen
559 2702 595 2757 ut
609 2716 638 2756 m
653 2701 684 2756 et
698 2688 745 2755 m'.

332 2803 416 2869 Hinc
440 2805 569 2869 resultat
594 2802 812 2889 consequentia
836 2801 961 2865 maximi
990 2802 1139 2865 momenti
1168 2823 1224 2887 pro
1252 2802 1387 2890 physicis

286 2923 317 2978 et
341 2938 397 2999 pro
426 2916 626 2980 astronomis:
653 2914 792 2979 videlicet
814 2914 1010 2997 quantitatem
1038 2913 1159 2996 effeetus
1181 2916 1333 2978 attractior'
1355 2917 1387 2978 ia

282 3030 479 3111 prauitatiooe
493 3051 552 3113 per
565 3050 596 3091 se
610 3050 669 3091 noo
683 3048 772 3110 posse
794 3025 932 3089 deducus
953 3026 985 3087 irs
999 3026 1190 3107 eopnitiooem
1212 3048 1313 3089 masse
1334 3027 1386 3089 ab·

285 3137 386 3203 solute
404 3140 438 3216 T,
453 3140 506 3202 sed
524 3138 686 3203 lautomia
707 3138 900 3221 sepultionem
921 3135 1093 3218 differentiae
1114 3130 1232 3213 m-m',
1247 3159 1312 3220 paca
1328 3138 1387 3200 diei

277 3258 380 3334 potest
393 3272 489 3314 massa
510 3250 634 3314 relativo
648 3250 846 3315 attractionis.
892 3245 967 3311 Haec
989 3245 1190 3310 consideratio
1203 3254 1305 3331 potest
1320 3269 1386 3311 esse

284 3360 372 3425 valde
393 3361 477 3426 utilis
495 3361 535 3425 ad
555 3360 705 3425 tollendas
727 3358 962 3423 incertitudines
979 3366 1012 3421 et
1032 3350 1257 3443 perplexitates,
1273 3358 1385 3443 quibus

284 3473 384 3539 adhue
399 3482 556 3559 anguntur
575 3471 741 3537 astronomi
763 3481 887 3555 propter
906 3467 1150 3554 perturbationes
1165 3478 1307 3533 motuum
1328 3492 1384 3534 cve-

282 3585 417 3666 lestium‚
432 3609 501 3672 quae
522 3608 585 3650 non
606 3582 791 3649 concordant
806 3604 878 3646 cnm
898 3581 1037 3645 formulis
1057 3580 1197 3647 deductis
1217 3603 1253 3644 er
1268 3580 1384 3646 calculo

284 3696 475 3784 dependente
489 3721 507 3761 a
521 3697 629 3762 massis
648 3694 851 3781 planetarum.
894 3694 936 3757 nt
954 3693 1032 3757 ratio
1046 3692 1140 3756 huius
1159 3692 1317 3757 discordiae
1337 3702 1385 3757 eat

284 3809 471 3875 desumenda
484 3832 521 3874 ex
540 3808 608 3888 hoe,
623 3808 707 3893 quod
721 3806 780 3891 ipsi
800 3813 977 3890 supponant
997 3803 1165 3889 quemlibet
1182 3803 1337 3889 planetam
1352 3815 1384 3869 et

284 3924 404 3989 trahere
425 3932 458 3987 et
470 3921 552 3987 trahi
572 3917 840 4006 proportionaliter
853 3916 893 3981 ad
914 3938 1058 3996 massam,
1072 3914 1147 3979 dum
1162 3924 1268 3979 eontra
1281 3939 1319 3980 ex
1331 3915 1383 3982 hie

283 4034 442 4099 declaratis
462 4034 609 4120 sequitur,
632 4030 769 4117 planetas
792 4029 920 4115 quidem
943 4026 1025 4091 trahi
1051 4027 1319 4111 proportionaliter
1344 4027 1383 4093 sd

283 4168 369 4210 suam
392 4168 524 4210 massam
542 4143 713 4208 absolutam
734 4136 853 4219 m÷m¹,
869 4135 1008 4203 sednon
1030 4138 1160 4217 trahere,
1175 4138 1236 4202 nisi
1254 4160 1381 4223 propor-

282 4256 435 4321 tionaliter
453 4256 492 4319 ad
513 4277 600 4319 suam
614 4276 743 4318 massam
767 4250 924 4316 relativam
945 4246 1065 4313 ιιι-πί.
1109 4249 1151 4313 Et
1166 4250 1243 4314 ratio
1257 4272 1276 4313 a
1289 4250 1382 4335 priori

281 4366 418 4448 estquis
438 4367 517 4429 trata·
536 4364 667 4448 pertinet
689 4364 728 4427 ad
745 4363 951 4448 passivitatem
974 4361 1117 4441 materiae,
1138 4384 1206 4445 quae
1225 4384 1322 4447 quum
1341 4362 1382 4427 sit
