3200 4984
214 394 284 437 oar.
302 373 341 457 1‚]
531 396 576 438 ne
590 393 791 439 suasrsurrs
807 396 990 440 coeranus.
1256 380 1318 441 107

214 561 405 647 applicabilia
427 561 571 649 physicae.
614 555 699 647 Erg'o
714 564 867 628 sententia
881 573 990 627 tenens
1004 564 1155 628 elementa
1170 564 1321 649 simplicia

214 673 343 736 incurrit
372 673 506 757 primum
535 695 571 735 ex
601 673 691 737 dictis
714 674 925 737 incommodis.
970 675 1012 738 Et
1038 674 1189 759 probatur·
1211 676 1321 741 minor.

217 786 309 863 Nam,
325 784 379 869 qui
393 785 476 848 tollit
491 784 731 849 divisibilitatem
750 785 931 869 quantitatis
952 785 1178 851 mathematica:
1199 787 1231 849 iu
1252 787 1320 850 infi-

215 896 328 976 nitum,
343 896 452 960 evertit
472 896 567 960 basim
590 897 780 961 matheseos:
808 897 894 981 atqui
917 897 970 981 qui
985 896 1066 962 tollit
1082 896 1322 963 divisibilitatem

216 1007 351 1072 materiae
372 1008 406 1070 in
432 1007 600 1086 infinitum,
625 1006 706 1071 tollit
730 1006 969 1070 divisibilitatem
996 1008 1178 1092 quantitatis
1203 1008 1322 1072 mathc-

217 1120 336 1183 maticae
349 1119 382 1182 in
397 1119 567 1183 infinitum.
609 1119 703 1203 Ergo.
750 1118 857 1181 Minor
871 1140 942 1182 vero
956 1119 1049 1182 huius
1064 1119 1234 1205 syllogismi
1252 1142 1323 1205 pro·

217 1232 309 1295 batur
331 1231 514 1315 dupliciter:
551 1234 584 1293 1⁰
598 1230 671 1315 quia
690 1230 837 1294 mathesis
854 1252 918 1294 non
939 1239 986 1293 cst
1001 1230 1127 1295 scientia
1142 1232 1322 1312 chimaerica,

216 1366 317 1427 neque
331 1344 461 1407 fundata
481 1343 515 1406 in
535 1343 655 1407 obiecto
672 1342 791 1420 fictitio,
808 1352 861 1407 aut
882 1352 983 1406 creato
1002 1365 1058 1427 per
1074 1343 1185 1422 ideam,
1202 1343 1256 1407 sed
1277 1352 1323 1407 cst

218 1456 344 1519 scientia
358 1456 457 1519 realis.
501 1456 585 1539 Ergo
599 1455 772 1520 considerat
787 1478 892 1540 reapse
914 1477 1048 1540 corpora,
1063 1455 1135 1519 licet
1155 1456 1324 1520 secundum

219 1568 315 1631 solam
330 1568 480 1631 rationem
494 1568 678 1632 abstractam
694 1568 886 1653 quantitatis.
930 1567 1015 1651 Ergo
1030 1568 1186 1654 quantitas
1206 1568 1323 1631 mathe-

218 1680 329 1762 matica
349 1702 413 1743 non
436 1688 482 1743 cst
505 1679 600 1758 aliud,
616 1680 677 1743 nisi
692 1680 770 1743 ratio
784 1679 938 1744 abstracta
952 1679 1134 1765 quantitatis
1150 1679 1323 1743 materialis.

218 1791 303 1873 Ergo
327 1791 436 1875 nequit
458 1790 565 1874 negari
591 1790 783 1854 divisibilitas
809 1789 930 1854 infinita
959 1789 997 1853 de
1027 1812 1099 1870 una,
1126 1792 1202 1875 quin
1232 1790 1325 1853 simul

219 1909 350 1983 negetur
364 1898 404 1964 de
418 1900 487 1965 alia.
533 1904 568 1964 2⁰
582 1900 655 1984 quia
669 1899 826 1984 quantitas
841 1899 1056 1964 mathematica
1070 1922 1133 1964 non
1149 1899 1223 1964 alias
1239 1899 1326 1965 dotes

220 2011 352 2090 exhibet,
368 2033 461 2095 quam
476 2033 544 2095 quae
555 2012 750 2075 essentialiter
760 2020 939 2094 competunt
949 2011 1136 2095 quantitati:
1159 2033 1227 2096 quae
1238 2012 1326 2076 dotes

222 2121 333 2186 idcirco
359 2144 414 2207 per
437 2145 470 2185 se
495 2131 676 2207 competunt
705 2122 796 2185 etiam
828 2123 995 2207 quantitati
1023 2144 1184 2207 corporeae.
1228 2124 1327 2209 Atqui

221 2234 387 2320 quantitati
408 2234 632 2299 mathematicae
654 2234 800 2318 competit
822 2256 888 2297 esse
902 2234 935 2295 in
950 2234 1108 2297 infinitum
1123 2233 1325 2315 divisibilem

220 2369 295 2430 ergo
309 2347 456 2431 competit
477 2346 560 2410 idem
581 2345 748 2431 quantitati
769 2367 920 2429 corporeae
931 2370 940 2422 ;
963 2354 994 2409 et
1017 2346 1043 2408 si
1065 2345 1137 2409 huic
1158 2367 1222 2409 non
1245 2368 1326 2411 com-

220 2458 319 2542 petit:
342 2481 416 2543 ergo
430 2481 486 2523 nec
500 2458 565 2522 illi:
587 2467 619 2522 et
633 2457 702 2521 ideo
717 2465 897 2522 evertuntur
911 2455 999 2521 bases
1014 2457 1195 2522 matheseos.

266 2570 447 2655 Respondeo
462 2571 594 2653 nepnndo
609 2568 747 2633 absolute
770 2568 856 2653 sequi
882 2568 1006 2653 aliquod
1028 2593 1063 2633 ex
1085 2569 1287 2634 incommodis
1309 2594 1328 2635 a

222 2684 369 2767 scriptore
391 2691 480 2747 acute
505 2681 697 2765 investigatis
721 2691 752 2745 et
775 2681 912 2746 obiectis.
957 2682 999 2745 Et
1022 2682 1060 2745 ad
1084 2682 1218 2766 primum
1245 2683 1328 2767 quod

223 2793 342 2874 attinet,
358 2794 527 2879 respondeo
549 2817 575 2858 e.
592 2794 641 2856 M.
657 2816 687 2857 n.
703 2794 774 2857 min.
819 2794 870 2857 Ad
892 2793 980 2857 cuius
1003 2793 1212 2878 probationem
1235 2819 1262 2860 o.
1277 2796 1328 2860 M.

223 2930 254 2971 n.
269 2908 340 2970 min.
356 2916 386 2970 ct
401 2928 480 2970 cons.
1096 2990 1097 2993 Ἴ

266 3018 317 3082 Ad
336 3016 469 3103 primam
485 3016 699 3101 probationem
717 3014 855 3095 minoris,
880 3016 960 3095 dato,
981 3015 1007 3080 si
1025 3016 1110 3097 libet,
1131 3019 1328 3098 antecedente,

224 3154 297 3214 napo
311 3152 495 3213 consequens.

268 3242 319 3306 Ad
334 3241 499 3306 secundam
514 3240 727 3325 probationem
742 3239 870 3303 minoris
885 3240 954 3305 dist.
970 3240 1050 3303 Mai.
1066 3261 1129 3303 non
1144 3240 1218 3305 alias
1233 3241 1329 3320 dotes,

226 3378 318 3439 quarn
341 3376 410 3439 quae
431 3360 612 3437 competunt
634 3352 726 3415 ctiam
747 3350 914 3436 quantitati
935 3372 1094 3435 corporeae,
1117 3358 1153 3415 ut
1173 3373 1206 3415 se
1226 3361 1329 3416 exten-

227 3464 313 3528 denti
335 3487 389 3549 pcr
411 3464 545 3549 spatium
568 3487 594 3527 c.
611 3463 660 3527 M.
682 3472 718 3526 ut
740 3484 772 3525 se
794 3461 973 3525 extendenti
992 3484 1047 3547 per
1060 3462 1218 3527 materiam
1233 3486 1261 3529 n.
1279 3465 1334 3555 M,

226 3599 252 3640 o.
267 3579 340 3639 min.
355 3585 384 3640 et
398 3577 466 3640 dist.
483 3598 561 3640 cons.
577 3574 724 3659 competit
744 3574 912 3659 quantitati
933 3595 1093 3657 corporeae,
1108 3582 1142 3638 nt
1162 3577 1332 3639 terminanti

226 3690 355 3771 spatians
376 3689 520 3752 inclusam
538 3710 565 3751 c.
580 3708 657 3750 cons.
679 3694 713 3749 nt
735 3688 879 3750 continua
897 3687 1013 3749 ratione
1027 3707 1127 3749 masse
1141 3688 1189 3749 vet
1201 3689 1331 3751 materies

227 3822 258 3863 n.
273 3822 352 3863 cons.
397 3798 475 3875 Quae
491 3797 713 3875 distinctiones,
729 3796 801 3880 quia
816 3804 913 3859 totam
928 3794 1130 3858 obiectionem
1146 3817 1164 3857 a
1179 3795 1332 3859 radicibus

227 3919 378 3991 evertunt,
423 3919 580 3974 merentur
608 3908 702 3993 paulo
738 3906 831 3971 latius
868 3905 1030 3990 explicari:
1067 3904 1151 3990 quod
1186 3906 1332 3971 faciemus

228 4022 363 4087 numeris
378 4020 587 4107 sequentibus.

273 4134 327 4197 23.
348 4131 390 4197 Et
406 4132 505 4217 primo
519 4130 725 4202 mathematici
740 4128 858 4215 optime
871 4127 973 4192 sciunt
987 4127 1142 4192 obiectum
1157 4130 1332 4211 geometriae

229 4267 293 4309 nou
315 4266 381 4308 esse
407 4266 534 4328 corpora
556 4241 725 4306 secundum
749 4262 836 4303 suam
863 4239 1066 4324 quantitatem
1089 4239 1240 4303 abstracte
1260 4262 1332 4304 con-

219 4356 378 4436 .siderata,'
389 4357 443 4421 sed
465 4378 530 4420 esse
552 4356 746 4438 quantitatem
767 4353 859 4435 spatii
881 4353 959 4416 datis
973 4351 1114 4415 limitibus
1130 4354 1335 4436 conprehensi.
