3200 4984
227 382 299 430 css.
316 360 370 448 in]
560 385 603 429 nn
618 386 823 432 suasrsuru
840 327 1023 437 donnons.
1266 371 1328 435 185

229 553 375 617 melecta.
419 550 520 616 Omne
534 560 638 617 autem
652 574 763 639 corpus
777 554 910 619 solidum
924 556 1164 639 componiturex
1173 555 1331 621 moleoulis

230 662 389 741 nucleatis,
404 662 499 727 immo
513 663 605 727 etiam
620 663 755 749 liquida:
779 688 867 730 secus
882 667 964 731 enim
978 688 1042 731 non
1056 668 1232 733 resisterent
1248 690 1331 733 com-

229 775 390 859 pressioni,
412 797 468 840 nec
489 774 636 840 haberent
658 773 791 861 aliquam
814 776 1036 858 elasticitatem,
1057 787 1094 842 ut
1113 778 1194 843 iufra
1214 801 1246 845 ιι.
1267 782 1330 846 123

229 886 435 951 ostendemus.
479 885 590 951 Fluida
604 909 674 955 vero
689 887 850 972 expansiva
864 910 928 952 non
939 888 1080 973 indigent
1093 888 1203 955 nucleo
1217 898 1253 955 ut
1268 892 1331 958 sint

230 998 401 1082 expansiva.
448 997 509 1062 Sed
531 998 671 1083 quaedam
694 999 845 1064 censenda
868 1009 941 1063 sunt
963 1000 1073 1065 habere
1094 1001 1258 1067 moloculas
1272 1025 1330 1068 nu·

230 1108 340 1173 eleates
355 1108 395 1172 ob
409 1109 500 1174 aliam
514 1110 663 1174 rationem
679 1137 687 1187 ;
709 1112 781 1195 quia
803 1111 942 1175 videlicet
962 1118 1091 1197 possunt
1106 1136 1185 1198 saepe
1200 1114 1331 1193 misceri,

230 1221 305 1305 quin
320 1228 423 1305 pereat
438 1231 548 1286 natura
559 1222 680 1287 illorum
693 1249 703 1301 3
726 1222 785 1287 hoc
799 1223 882 1287 enim
894 1222 1015 1288 ridetur
1029 1224 1220 1289 existentiam
1230 1225 1331 1290 nuclei

230 1334 382 1397 attractivi
397 1334 559 1418 requirere.

274 1448 326 1509 91.
348 1446 395 1508 Ex
409 1444 498 1509 dictis
512 1446 545 1508 in
566 1445 666 1509 tribus
687 1446 825 1513 numeris
845 1446 1086 1531 precedentibus
1100 1448 1330 1513 eruunturhaec

229 1556 289 1621 tria
303 1557 408 1641 magni
423 1558 571 1623 momenti
586 1558 751 1623 corollaria.

273 1668 422 1732 Primum.
450 1671 552 1733 Omnis
565 1670 704 1733 moderata
718 1672 889 1735 substantia
900 1673 1086 1757 bomopeneoe,
1097 1673 1214 1737 stabilis
1228 1672 1330 1756 (idest

221 1781 436 1865 permanentis
456 1782 635 1846 naturaliter
653 1782 687 1845 in
709 1805 765 1847 suo
787 1789 882 1861 statu,
898 1783 964 1862 sine
979 1784 1149 1848 mutatione
1162 1784 1329 1869 proprieta-

229 1893 322 1974 tum),
338 1894 423 1956 tabet
437 1902 567 1957 centrum
580 1894 740 1973 materiale,
755 1902 809 1957 aat
822 1894 955 1957 narbam
968 1896 1157 1960 materialem.

231 2040 256 2088 ¹.
275 2004 461 2069 Secundum.
489 2006 591 2069 Omnis
604 2006 744 2069 molecala
762 2008 934 2072 substantia
947 2007 1073 2085 stabilia,
1087 2008 1135 2070 vel
1153 2010 1327 2092 capamiva,

230 2117 317 2180 tabet
340 2119 418 2180 circa
443 2125 572 2181 centrum
597 2118 644 2181 val
667 2120 746 2182 cirea
771 2119 904 2182 nucleum
930 2119 1069 2183 elementa
1090 2120 1246 2202 reprobiva,
1271 2143 1329 2183 non

231 2236 327 2291 antem
342 2230 510 2293 attractiva.

274 2331 419 2405 Tertium.
445 2342 557 2405 Saltem
571 2341 665 2406 solida
680 2350 710 2405 et
724 2342 838 2425 liquida
852 2342 959 2405 tabent
969 2342 1132 2407 molemlua·
1139 2342 1299 2407 mactentur.

241 2506 242 2509 ,
273 2450 319 2515 nx
334 2452 466 2531 scholiis,
481 2476 548 2538 quae
564 2462 739 2538 sequentur,
755 2476 789 2517 ea
801 2452 912 2517 clarius
926 2452 1026 2517 adhuc
1041 2452 1150 2517 deduci
1164 2463 1320 2538 poterunt.

274 2567 326 2629 92.
351 2565 505 2650 Superest,
529 2574 566 2629 ut
592 2565 729 2629 dicamus
753 2565 871 2649 aliquid
892 2565 925 2627 in
951 2565 1128 2650 particulari
1145 2565 1184 2629 de
1203 2566 1329 2630 diversis

230 2677 447 2741 molocularum
477 2677 644 2762 speciebus.
699 2677 819 2741 Relicta
843 2677 942 2761 prima
971 2677 1067 2742 classe
1095 2687 1329 2763 repraesentante

230 2789 393 2853 moleculas
407 2789 545 2867 lineares,
556 2798 587 2854 et
600 2788 733 2854 secunda
747 2789 923 2853 includente
938 2789 1102 2853 moleculas
1116 2791 1328 2875 superficiales,

231 2923 302 2987 quae
327 2902 448 2965 nullum
472 2924 564 2965 usum
582 2901 726 2965 videntur
747 2901 857 2965 habere
880 2924 968 2987 posse
991 2901 1070 2985 (vide
1092 2925 1185 2986 supra
1205 2925 1238 2966 n.
1262 2906 1329 2988 79),

229 3036 357 3096 agemus
382 3012 420 3076 de
446 3013 537 3077 tertia
564 3012 668 3093 classe,
698 3013 821 3082 sende
849 3012 1007 3087 moloculis
1035 3034 1069 3077 sc
1096 3013 1330 3078 extendentibus

230 3124 398 3189 secundum
416 3137 478 3189 tres
494 3118 709 3188 dimensiones.
740 3124 779 3187 In
794 3124 851 3187 hac
866 3123 963 3207 igitur
977 3121 1071 3187 classe
1085 3124 1184 3207 primo
1198 3126 1331 3190 occurrit

230 3236 379 3301 moleoula
393 3235 577 3301 tetrahedra.

289 3349 337 3412 Sit
366 3350 397 3412 A
427 3357 566 3413 centrum
592 3348 788 3411 attractivum
815 3345 980 3411 tetrahedri
1009 3346 1156 3430 regularis
1192 3348 1327 3411 BCDE

160 3533 164 3539 ¹
228 3462 296 3543 (fig.
314 3463 380 3543 10).
410 3460 571 3523 Elementa
586 3462 625 3538 B,
642 3461 677 3538 C,
689 3461 732 3537 D,
748 3460 781 3523 E
795 3458 957 3543 repulsiva,
973 3458 1075 3532 sisint
1089 3480 1188 3541 parvae
1202 3458 1330 3522 intensi·

229 3575 302 3638 tatis
322 3574 445 3637 relative
468 3572 507 3636 ad
526 3574 568 3651 A,
591 3580 736 3656 poterunt
759 3570 896 3634 oscillare
913 3592 968 3655 per
989 3570 1019 3632 A
1033 3569 1106 3634 hinc
1121 3579 1152 3633 et
1167 3572 1239 3635 inde
1256 3594 1329 3636 con·

230 3698 355 3765 stanter,
370 3699 401 3752 et
416 3686 593 3772 pervenient
607 3684 646 3747 ad
662 3681 870 3747 extremitates
884 3681 1108 3746 oscillationum
1123 3683 1155 3746 in
1176 3685 1204 3762 b,
1219 3708 1245 3763 c,
1260 3685 1289 3763 d,
1304 3707 1329 3763 e,

230 3822 297 3885 quae
311 3809 425 3885 puncta
439 3800 573 3863 efficiunt
589 3796 797 3862 tetrahedrum
813 3795 928 3879 aequale
941 3795 1050 3879 primo,
1065 3805 1101 3858 ut
1114 3804 1207 3880 patet.

273 3910 375 3975 Posita
388 3911 565 3975 intensitate
580 3910 800 3973 elementorum
816 3906 1037 3991 repulsivorum
1051 3933 1083 3962 =
1102 3910 1131 3986 1,
1147 3907 1186 3971 ad
1199 3907 1329 3991 possibi·
1410 3940 1414 3945 ·

229 4022 346 4101 litatem
373 4022 595 4087 oscillationum
619 4021 698 4084 circa
722 4022 753 4081 A
779 4017 956 4103 requiritur,
986 4027 1022 4081 ut
1047 4018 1208 4083 intensitss
1233 4021 1330 4105 ipsius

229 4134 327 4197 centri
341 4136 371 4197 A
388 4133 428 4198 sit
448 4134 545 4197 maior
565 4155 656 4217 quam
679 4132 810 4208 0·9183,
832 4139 867 4192 ut
885 4128 1001 4192 calculo
1021 4130 1203 4213 geometrico
1222 4131 1330 4195 deduci

229 4255 338 4328 potest.
