3200 4984
294 377 359 441 278
646 396 687 437 na
703 394 823 466 ramus
839 393 1029 437 concinnis.
1251 372 1340 455 [car.
1354 392 1392 435 11.

294 566 378 651 quod
392 589 489 631 uuum
505 568 623 651 quondo
634 567 809 632 absolutum
825 569 954 638 refertur
967 567 1008 631 ad
1022 565 1116 646 aliud,
1131 575 1178 629 est
1192 565 1259 649 ipsa
1273 564 1393 629 duratio

294 677 443 758 absoluta,
463 689 499 744 ut
516 680 682 745 extrinsece
701 680 912 759 terminabilis,
929 689 966 744 ut
982 688 1141 743 ostensum
1160 688 1208 741 est
1227 701 1258 742 n.
1278 680 1339 742 32:
1362 687 1394 741 et

293 788 362 855 ideo
384 791 505 856 duratio
533 792 657 857 relativa
685 792 870 857 terminatur
899 792 1023 877 quidem
1052 790 1249 855 materialiter
1278 790 1316 853 ad
1345 814 1394 853 res

294 900 448 983 durantes,
464 905 519 969 sed
537 905 704 970 formaliter
725 905 765 969 ad
784 927 889 969 aarum
908 901 1127 989 quandeitates.
1173 900 1229 965 Est
1249 924 1323 985 ergo
1346 924 1393 965 re·

292 1010 366 1078 latio
380 1014 460 1079 inter
475 1018 590 1100 quondo
604 1025 635 1081 et
651 1018 765 1101 mando
780 1015 933 1079 distincta.

335 1124 466 1190 Duratio
481 1126 605 1192 relativa
619 1139 666 1192 est
681 1126 779 1206 realis,
791 1127 915 1212 quando
929 1126 1022 1191 reales
1034 1136 1107 1190 sunt
1121 1126 1245 1190 termini
1256 1125 1392 1190 relativi:

292 1236 408 1317 idealis,
423 1238 471 1301 vel
486 1238 674 1322 imaginaria,
690 1238 815 1323 quando
829 1237 952 1302 termini
966 1259 1029 1302 non
1045 1246 1127 1317 sunt,
1144 1237 1197 1301 sed
1212 1236 1393 1301 solamente

293 1358 348 1413 aut
362 1349 580 1435 imaginatione
596 1350 821 1435 mncipiuntur.
865 1350 907 1413 llt
922 1350 965 1413 sic
980 1349 1100 1413 duratio
1114 1348 1283 1428 indefinita,
1298 1371 1392 1432 quam

291 1460 497 1543 imaginamur
509 1470 581 1525 ante
596 1462 777 1526 creationem
792 1461 911 1541 mundi,
927 1484 1080 1547 quamque
1095 1459 1269 1545 philosophi
1283 1471 1393 1524 vocant

291 1580 415 1658 tempus
439 1573 665 1657 imaginarium,
692 1596 756 1637 non
782 1582 828 1637 est
856 1574 977 1638 duratio
1002 1572 1151 1654 absoluta,
1177 1573 1231 1637 sed
1256 1572 1392 1637 relativa.

292 1683 372 1746 Nam
397 1684 577 1769 imaginatio
599 1707 661 1749 non
678 1694 778 1769 potest
796 1685 1023 1770 apprchendere
1045 1684 1246 1763 durationem,
1264 1684 1324 1747 nisi
1345 1706 1391 1747 ae-
1464 1715 1471 1730 ·

291 1794 429 1859 cundum
442 1796 591 1860 terminos
607 1796 767 1861 sensibiles
783 1796 1011 1882 intercipientes
1029 1797 1261 1861 successionem.
1307 1796 1394 1860 Hinc

291 1918 414 1993 tempus
438 1907 653 1992 imaginarium
678 1906 874 1974 indefinitum
898 1908 1007 1994 nequit
1023 1906 1273 1973 -confundicum
1299 1907 1393 1972 dura'·

290 2017 373 2083 tione
385 2019 526 2096 absolute
540 2020 670 2085 infinita.
727 2062 729 2069 ,
776 2056 791 2076 ··
881 2101 903 2118 .-
1256 2037 1262 2044 “

333 2131 603 2197 Duratiorelativa
617 2143 664 2196 est
678 2142 788 2211 ereata,
799 2133 832 2196 in
847 2141 1002 2217 quantum
1010 2130 1136 2195 termini
1149 2131 1306 2195 relationis
1316 2141 1392 2195 sunt

290 2243 401 2322 creati3
423 2244 477 2309 sed
490 2244 728 2308 fundamentum
742 2243 879 2308 eiusdem
894 2243 1050 2308 relationis
1069 2252 1116 2307 est
1134 2244 1302 2309 increatum
1311 2268 1320 2322 3
1343 2253 1391 2307 est

290 2356 372 2420 enim
394 2356 461 2441 ipsa
475 2356 645 2421 virtuditas
661 2349 980 2419 aetemitatis'divinaa.
1025 2356 1106 2419 Item
1126 2355 1247 2419 duratio
1266 2355 1392 2420 relativa

290 2492 353 2535 non
375 2482 422 2536 est
444 2471 628 2538 modificatio
651 2470 1008 2548 durationis-absolutae3
1037 2492 1110 2533 nam
1130 2470 1252 2533 nullum
1274 2471 1392 2553 petunda

289 2584 453 2649 intrinsece
467 2584 611 2668 recipitur
625 2582 659 2646 in
667 2584 853 2661 eternitate,
869 2582 1289 2667 utsupraexplicatumest'

332 2698 509 2761 40rDr’ces.
533 2696 572 2759 ln
592 2695 713 2759 traditis
733 2694 912 2758 notionibus
937 2694 1107 2758 durationis
1129 2702 1161 2757 et
1184 2693 1391 2778 quandeitatis

289 2810 463 2881 continetur
486 2806 617 2872 circulus
640 2806 777 2886 vitiosae,
802 2807 1023 2891 qnumprlma
1048 2828 1106 2890 per
1126 2805 1291 2872 secundam
1316 2806 1390 2870 defi-¹

287 2922 389 2984 niatur
403 2928 434 2983 et
447 2920 582 2983 secunda
595 2941 649 3003 per
663 2920 826 3003 primam-2

333 3031 393 3094 Pro
416 3031 611 3115 responsione
627 3030 703 3094 *vide
726 3053 795 3114 quae
821 3030 952 3093 diximus
976 3052 1068 3114 supra
1083 3034 1187 3097 nel?
1198 3057 1208 3108 ;
1231 3032 1390 3094 commode

288 3141 369 3205 enim
393 3164 411 3205 a
433 3142 530 3226 spatio
552 3142 590 3205 ad
613 3142 805 3206 durationem
828 3143 985 3206 transferri
1003 3154 1144 3227 possunt.
1190 3142 1348 3220 Similiter,
1363 3142 1390 3205 si

288 3276 324 3317 ex
346 3275 381 3317 eo
404 3252 485 3337 quod
508 3252 754 3329 fundamentum
767 3252 937 3317 durationis
959 3254 999 3316 sit
1016 3254 1173 3317 entitative
1187 3254 1389 3332 immutabile,

289 3366 399 3451 aliquis
413 3364 544 3441 deducat
558 3386 664 3427 omnes
675 3362 1088 3432 durationesrelativas-fore
1107 3365 1247 3449 aequales,
1263 3388 1388 3450 respon-

288 3479 353 3543 deri
379 3477 491 3563 poterit
515 3477 632 3540 circiter
657 3477 736 3540 sicut
761 3491 1023 3561 responsumuest
1044 3479 1146 3542 nolli*
1161 3478 1195 3541 in
1218 3477 1388 3543 obiectione

288 3592 380 3657 simili
395 3600 500 3655 contra
514 3590 675 3654 relationes
689 3583 857 3654 distantia.¹
869 3582 880 3639 ἶ
897 3629 900 3636 ·
930 3635 934 3647 »
981 3604 1061 3642 *1³¹³

330 3707 383 3767 41.
408 3703 564 3779 Quaeritur
586 3700 701 3781 octavo,
713 3710 820 3765 utrem
842 3704 994 3785 quantitas
1011 3702 1165 3767 tetbaudi
1176 3703 1387 3767 'duratioi‘ee-

254 3796 257 3800 Ι
285 3826 391 3900 serpat
405 3838 441 3879 err
454 3838 566 3879 summo
581 3816 814 3898 quandeitotcm,
830 3838 895 3899 pura
908 3817 991 3879 inter
1008 3816 1094 3879 datos
1115 3816 1253 3879 terminos
1271 3815 1388 3899 conam

279 3930 519 4011 pessuntfluere.
618 3999 623 4005 ¹
1025 4015 1028 4021 Ι

330 4038 510 4125 Respondeo
522 4039 679 4123 negative,
709 4020 817 4105 -Nam
833 4043 865 4103 1⁰
887 4039 914 4102 si
935 4040 979 4104 ita
998 4048 1088 4120 esset,
1104 4048 1281 4124 sequeretur
1295 4064 1387 4104 omne

285 4150 674 4229 intervallum.„durationis
692 4173 760 4221 esso.
779 4150 934 4223 infinitum
943 4177 954 4230 3
978 4152 1056 4233 datis
1068 4152 1161 4232 enim
1183 4152 1303 4216 duobus
1325 4163 1385 4217 ter·

285 4263 377 4325 minis
399 4261 556 4346 quibusvis
578 4261 733 4325 distinctis
756 4262 925 4325 secundum
948 4272 1071 4326 anteat
1093 4266 1325 4347 post3linlinit‘a·
1339 4275 1386 4327 est

285 4372 364 4433 inter
379 4393 430 4433 eos
445 4371 598 4453 capacitas*
609 4360 852 4455 quandeitatum.
870 4362 874 4367 ⁸
898 4378 933 4437 2⁰
956 4374 1089 4438 Unicum
1101 4378 1226 4458 quando,
1237 4400 1332 4460 quum
1344 4378 1384 4439 sit
