3200 4984
223 414 291 457 cnr.
311 393 381 476 ιιι]
561 412 603 455 ms
620 412 820 456 sussrnnrm
836 412 1016 455 consonas.
1256 392 1319 455 235

221 580 314 659 auris,
329 580 363 644 in
377 602 440 666 quo
454 580 645 665 recipiuntur
664 580 771 645 eodem
791 591 929 666 tempore
948 582 1039 646 series
1061 590 1202 645 motuum
1224 580 1321 645 diver·

221 714 325 755 sarum
339 692 504 772 rationum,
521 691 596 756 dum
611 692 735 756 auditur
749 700 926 757 concentus.
970 691 1066 756 Aliud
1080 690 1252 777 exemplum
1275 700 1322 757 est

221 801 390 887 speculum,
405 802 453 867 vel
467 801 534 866 lens
553 803 664 888 optim,
684 801 732 867 vel
752 803 867 867 vitrum
882 802 1021 889 simplex,
1042 803 1090 867 vel
1107 803 1192 867 aliud
1210 826 1322 888 corpus

221 915 420 1001 diophanum,
439 915 473 979 in
493 937 555 1001 quo
574 915 764 999 recipiuntur
778 924 809 980 et
824 937 917 1001 aquo
936 915 1146 995 reflectuntur,
1161 915 1209 981 vel
1222 923 1322 980 trans·

219 1028 389 1091 mittuntur
402 1026 480 1092 radii
501 1028 714 1112 provenientes
735 1050 754 1092 a
775 1027 916 1112 plurimis
938 1026 1082 1092 obiectis:
1105 1028 1149 1092 ita
1170 1036 1206 1092 ut
1227 1028 1322 1092 sitri-
1373 1115 1376 1120 Ι

220 1139 308 1223 ginta
323 1138 464 1204 homines
480 1139 605 1203 sedeant
621 1160 723 1204 coram
737 1138 882 1218 fenestra,
899 1138 1016 1223 singuli
1029 1138 1152 1204 videant
1170 1138 1321 1224 peridem
1438 1174 1442 1181 ·

219 1252 333 1315 vitrum
349 1250 468 1316 diversa
486 1250 614 1329 obiecta,
637 1249 805 1315 dummodo
819 1250 878 1334 ipsi
892 1249 1032 1315 homines
1047 1251 1111 1315 sint
1124 1259 1195 1336 post
1202 1251 1321 1315 nitrum

220 1363 260 1428 ad
275 1362 424 1428 diversam
440 1362 583 1448 plagam:
605 1385 698 1448 quare
717 1361 798 1426 idem
813 1361 928 1426 vitrum
942 1362 1048 1427 eodem
1063 1370 1199 1447 tempore
1214 1384 1321 1427 secun-

221 1474 295 1539 dum
318 1483 416 1539 totam
430 1497 517 1539 suam
533 1474 736 1561 superficiem,
752 1483 783 1538 et
802 1474 971 1539 secundum
994 1462 1132 1559 singulas
1149 1483 1260 1559 partes,
1276 1474 1321 1537 di·

219 1585 314 1651 versis
328 1585 463 1651 motibus
478 1586 531 1651 dat
549 1587 661 1665 locum,
676 1594 707 1650 et
722 1586 817 1651 aether
832 1588 864 1649 in
877 1587 979 1650 iisdem
987 1588 1126 1669 portibus
1138 1588 1209 1650 vitri
1222 1585 1322 1651 vibra·

218 1698 318 1762 tiones
333 1698 425 1764 habet
440 1698 566 1763 diversae
576 1698 713 1763 rationis.
758 1698 822 1762 Res
829 1705 933 1763 autem
942 1698 1073 1762 maxime
1081 1706 1165 1782 patet
1175 1698 1208 1761 in
1217 1708 1323 1762 centro

216 1810 311 1875 lentis
326 1832 474 1891 convexa,
491 1833 546 1895 per
559 1810 644 1895 quod
658 1818 822 1874 transeunt
835 1832 941 1873 omnes
949 1809 1143 1874 radiidirecti
1154 1810 1321 1875 secundum

219 1944 289 1986 axes
311 1922 439 2006 opticus,
462 1922 517 2008 qui
538 1921 616 1986 radii
637 1931 708 2006 post
729 1921 845 1986 lentem
866 1922 1002 1985 efficiunt
1023 1921 1187 2005 imaginem
1212 1922 1323 1987 obiecti

219 2042 387 2119 utcumque
410 2034 532 2118 magni:
561 2056 683 2101 necesse
710 2055 783 2118 ergo
806 2042 854 2098 est
877 2032 976 2098 dicere
999 2042 1139 2097 centrum
1162 2032 1255 2097 lentis
1280 2037 1323 2115 (et

218 2143 301 2208 idem
316 2153 362 2207 est
377 2167 483 2209 verum
499 2144 537 2210 de
552 2144 621 2209 aliis
634 2146 769 2229 punctis)
796 2144 951 2209 sollicitari
972 2144 1113 2230 plurimis
1126 2145 1261 2209 motibus
1276 2145 1322 2209 di·

219 2258 313 2320 versis
328 2256 529 2335 simultaneis‚
545 2257 592 2320 vel
609 2255 717 2321 saltem
732 2256 875 2321 aetherem
890 2256 1079 2320 luminosum
1093 2256 1127 2319 in
1140 2256 1194 2319 illo
1207 2265 1323 2340 puncto

219 2368 295 2433 tales
306 2380 409 2433 motus
423 2369 622 2433 simultaneos
636 2368 758 2433 habere.
793 2367 889 2431 Aliud
904 2366 1076 2452 exemplum
1087 2376 1135 2432 est
1143 2390 1232 2452 aqua,
1244 2390 1322 2451 quae,

220 2480 246 2545 si
261 2480 301 2545 sit
323 2502 447 2566 prorsus
470 2479 644 2565 tranquilla,
668 2478 808 2544 demissis
831 2478 952 2543 duobus
974 2478 1107 2562 globulis
1128 2479 1176 2543 vel
1201 2478 1322 2564 lapillis,

219 2592 403 2656 transmittit
424 2592 458 2656 in
481 2614 538 2656 sua
560 2591 719 2676 superficie
742 2591 821 2656 duos
840 2600 944 2655 motus
968 2591 1026 2655 sub
1051 2590 1149 2656 forma
1169 2592 1323 2656 undarum

219 2704 413 2769 circularium
438 2704 649 2783 crescentium,
677 2703 731 2788 qni
758 2702 865 2767 circuli
888 2725 921 2767 se
944 2702 1140 2787 contingam,
1165 2712 1197 2767 et
1220 2713 1324 2768 secant

219 2817 321 2896 etiam,
338 2816 403 2880 sine
417 2824 527 2881 mutua
542 2814 782 2893 deformatione3
805 2813 889 2899 quod
908 2814 1014 2898 nequit
1032 2814 1099 2877 fieri
1118 2815 1181 2878 nisi
1204 2815 1323 2880 duabus

218 2928 311 2991 undis
330 2928 388 2991 sibi
403 2927 635 2992 occurrentibus
649 2926 681 2990 in
697 2925 832 3011 quodam
852 2938 980 3011 puncto,
1003 2926 1037 2989 in
1056 2926 1110 2990 illo
1131 2936 1324 3011 perseverent

218 3048 322 3105 motus
337 3040 479 3105 contrarii
493 3039 658 3104 earundem
673 3039 837 3104 undarum.
867 3039 948 3103 Item
963 3043 1017 3103 atr
1026 3039 1207 3103 transmittit
1215 3060 1322 3103 omnes

219 3174 309 3217 sonos
324 3152 426 3230 simul,
442 3151 518 3237 quin
533 3174 616 3215 unus
633 3160 737 3215 motus
752 3150 847 3215 alium
869 3150 1022 3215 diversum
1040 3150 1187 3234 impediat
1201 3160 1255 3215 aut
1269 3150 1321 3215 de-

218 3273 327 3328 struat.
371 3264 413 3327 Et
428 3262 487 3327 alia
501 3262 573 3327 addi
586 3270 726 3347 possunt.

262 3374 399 3438 Maxime
420 3396 491 3438 vero
512 3374 684 3438 notandum
706 3382 762 3451 est,
784 3395 892 3437 omnes
915 3375 990 3437 istos
1013 3381 1116 3438 motus
1138 3396 1204 3437 esse
1222 3372 1321 3439 vibra·

217 3486 312 3551 torios
320 3512 330 3565 ;
353 3485 412 3550 hoc
426 3485 508 3550 enim
522 3484 643 3549 videtur
663 3507 775 3568 augere
794 3484 1020 3569 quodammodo
1039 3485 1246 3550 difficultatem
1270 3508 1321 3551 ex-

218 3597 351 3682 plicandi
375 3598 592 3682 phaenomena;
619 3602 672 3661 a'e'r
695 3597 777 3661 enim
801 3620 830 3660 v.
855 3619 900 3681 gr.
929 3620 993 3662 non
1015 3596 1098 3661 venit
1123 3620 1178 3681 per
1200 3606 1320 3662 motum

219 3709 426 3774 translationis
442 3708 480 3774 ab
494 3708 701 3773 instrumento
719 3709 838 3772 musico
859 3684 893 3771 iri
913 3731 1027 3788 aurem,
1042 3731 1098 3772 neo
1109 3710 1192 3773 enim
1207 3709 1320 3793 produ·

216 3822 298 3885 ,citur
312 3830 423 3885 ventus
438 3819 513 3885 dum
530 3820 711 3905 producitur
731 3843 844 3897 sonus;
866 3820 919 3884 sed
939 3822 1144 3885 communicat
1162 3821 1320 3886 fremitum

219 3958 246 3997 v.
262 3956 310 4018 gr.
326 3956 344 3997 a
358 3932 471 3997 chorda
491 3932 716 4017 participatum,
735 3930 895 3996 moleculoe
908 3932 1023 4012 vicinae,
1041 3941 1072 3997 et
1089 3933 1157 3997 haec
1176 3932 1273 4013 alteri,
1288 3946 1320 3999 et

220 4046 262 4109 sic
278 4045 428 4129 deinceps.
474 4043 566 4108 Unde
588 4044 686 4107 dicere
709 4049 812 4108 adrem
825 4043 933 4107 vehere
956 4044 1048 4109 simul
1070 4045 1203 4110 diversos
1218 4068 1318 4127 sonos,

219 4167 264 4221 est
281 4157 379 4221 dicere
394 4156 556 4221 moleoulas
579 4156 658 4219 aeris
679 4155 790 4219 habere
813 4154 905 4220 simul
927 4154 1060 4221 diversos
1081 4158 1232 4221 fremitus.
1277 4157 1319 4222 Et

219 4270 291 4354 quia
305 4274 358 4333 atr
373 4290 435 4332 non
451 4267 551 4331 solum
567 4268 699 4331 diversos
722 4276 821 4345 tonos,
843 4266 895 4330 sed
913 4268 1004 4331 etiam
1021 4268 1167 4333 diversam
1183 4269 1318 4334 indolem

219 4382 426 4459 instrumenti,
442 4404 470 4444 v.
488 4402 533 4463 gr.
551 4379 641 4458 tubae,
657 4391 686 4443 et
703 4378 794 4459 tibiae,
805 4401 861 4442 nos
872 4380 967 4457 docet,
978 4380 1140 4444 dicendum
1156 4381 1238 4464 quod
1256 4404 1318 4445 non
