3200 4984
269 410 334 472 292
623 424 666 467 oro
683 423 804 467 ralsus
820 422 1012 465 courruurs.
1210 398 1298 482 [cnr.
1316 418 1370 460 111.

270 622 325 685 per
339 600 397 663 hoc
413 596 496 683 quod
510 604 649 663 creatura
666 606 776 679 mouet,
793 596 991 660 constituitur
1010 616 1102 658 causa
1119 602 1230 672 motus,
1251 601 1283 657 et
1301 614 1370 676 par·

269 712 375 797 tioipat
389 712 534 775 virtutem
550 731 647 774 causae
662 710 776 793 primae,
791 709 895 794 inqua
909 707 1139 792 participatione
1154 706 1258 770 haberi
1268 713 1371 789 potest

269 824 369 907 magis
397 831 428 886 et
459 821 573 885 minus.
617 821 674 885 Ilst
697 843 771 905 ergo
794 821 827 884 in
853 821 938 884 omni
965 828 1120 884 momento
1143 827 1247 882 motus
1270 818 1372 901 aliqua

270 936 425 1021 quantitas
441 933 593 997 intensiva
608 933 739 1014 virtutis,
756 934 832 997 dum
846 944 952 997 contra
965 935 1017 997 ubi
1031 941 1061 997 et
1076 933 1191 1016 quoodo
1205 930 1372 995 excludunt

270 1072 287 1115 a
303 1072 334 1112 se
349 1046 701 1129 crudem-quantitatem.

315 1134 400 1224 Ordo
434 1156 722 1235 considerationum,
758 1179 850 1242 quem
882 1157 919 1220 in·
949 1155 1189 1241 praecedentibus
1222 1154 1373 1239 capitibus

271 1271 368 1335 secuti
390 1291 508 1347 sumus,
529 1276 631 1353 potest
651 1267 702 1331 hic
722 1268 819 1339 evolvi
838 1267 1016 1353 tripliciter:
1038 1267 1148 1351 primo,
1170 1267 1203 1329 in
1221 1274 1374 1351 quantum

272 1380 442 1449 attenditur
470 1378 663 1463 participatio
693 1378 817 1443 virtutis
846 1402 864 1443 a
893 1402 984 1443 causa
1007 1378 1106 1463 prima
1130 1379 1163 1440 in
1190 1378 1373 1441 secundam:

271 1492 414 1570 secundo,
438 1490 471 1554 in
501 1498 652 1575 quantum
683 1490 854 1555 attenditur
882 1490 1073 1575 participatio
1096 1489 1217 1553 virtutis
1242 1514 1261 1553 a
1284 1512 1374 1553 causa

270 1604 402 1669 secunda
417 1604 450 1666 in
464 1602 576 1666 mobile
591 1601 629 1666 ab
645 1625 680 1667 ea
695 1611 833 1677 motum:
849 1603 949 1683 tertio,
961 1603 994 1665 in
1006 1612 1155 1687 quantum
1171 1601 1374 1665 attenduntur

269 1716 396 1781 effectus
416 1715 538 1781 virtutis
556 1716 712 1800 impressae
733 1715 766 1778 in
784 1715 901 1780 mobili.
947 1715 1050 1792 Quare
1069 1723 1161 1799 caput
1179 1714 1237 1777 hoc
1254 1713 1288 1777 in
1311 1722 1372 1776 tres

162 1885 167 1897 ,
270 1828 413 1892 articulos
429 1827 610 1892 dividemus.

650 2080 839 2125 auricomus
855 2081 991 2124 carmus.

522 2200 615 2264 Deci
631 2200 749 2277 arctico,
763 2206 799 2261 ut
809 2201 909 2282 primo
917 2200 1112 2282 portiorpota.

284 2416 286 2424 k
315 2338 367 2399 52.
392 2333 646 2399 Praemittendum
666 2343 723 2413 est,
742 2335 826 2419 quod
846 2334 960 2399 dicitur
967 2335 1175 2419 potentialiter
1194 2336 1270 2398 entra
1285 2333 1374 2412 illud,

270 2445 439 2510 secundum
459 2445 542 2530 quod
564 2468 619 2509 cns
642 2455 689 2510 est
711 2445 881 2510 actuabile:
904 2454 950 2510 est
972 2454 1075 2510 autem
1097 2446 1304 2530 potentialitas
1325 2446 1375 2509 in-

269 2558 400 2621 trinseca
414 2556 462 2621 vel
483 2557 659 2621 extrinseca.
705 2556 877 2621 Intrinseca
892 2557 1038 2642 importat
1058 2558 1255 2642 capacitatem
1272 2568 1373 2622 muta-

270 2668 363 2733 tionis
386 2668 605 2749 substantialia,
622 2668 669 2733 vel
691 2669 887 2734 accidentalis
908 2670 1081 2734 intrinseca
1100 2670 1180 2759 enti:
1204 2671 1373 2735 extrinseca

268 2803 339 2844 vero
361 2790 408 2844 est
430 2780 570 2865 aptitudo
591 2780 733 2865 quaelibet
756 2780 796 2844 ad
817 2781 1041 2845 terminandam
1059 2762 1238 2871 relationem
1259 2782 1373 2845 extrin-

270 2880 381 2957 secam}
426 2892 486 2957 His
500 2892 618 2977 positis,
631 2893 779 2977 quaeritur
793 2892 904 2977 primo,
914 2916 954 2957 un
968 2893 1052 2957 detur
1067 2894 1269 2977 eliquavimus
1281 2917 1374 2958 vomo

270 3005 349 3067 omui
356 3004 580 3086 potentialitote
594 3006 791 3071 intrinsecos

313 3112 494 3197 Respondeo
517 3114 702 3178 affirmative.
749 3114 832 3178 Nam
855 3136 968 3199 ponere
993 3138 1117 3184 omnem
1138 3117 1283 3181 virtutem
1306 3140 1371 3181 mo-

269 3225 364 3289 tivam
380 3248 445 3289 esse
460 3248 529 3289 cum
549 3226 715 3290 intrinseca
735 3226 969 3310 potentialitate,
985 3238 1032 3292 est
1051 3251 1164 3313 ponere
1177 3252 1300 3293 omnem
1315 3229 1376 3293 vir·

270 3347 369 3401 tutem
384 3338 529 3402 motivam
544 3360 610 3402 erse
624 3337 787 3403 intrinsece
803 3339 992 3418 mutabilem,
1007 3340 1040 3404 id
1054 3350 1101 3404 est
1115 3363 1238 3405 omnem
1252 3364 1376 3405 causam

305 3508 322 3543 *
340 3506 484 3561 Mirabitur
501 3507 563 3579 quia
576 3506 696 3576 fumasse,
715 3507 788 3579 quod
803 3508 850 3563 hio
864 3514 982 3581 ponatur
997 3511 1079 3565 victua
1097 3516 1237 3583 tamquam
1253 3512 1374 3584 opposita

270 3595 473 3667 potentialitati,
487 3597 560 3665 darm,
572 3594 651 3649 iuxta
662 3612 834 3650 communem
839 3596 969 3667 loquendi
977 3598 1098 3667 modum,
1110 3599 1220 3671 ponitur
1229 3606 1301 3653 actua
1309 3617 1374 3653 con-

269 3682 444 3762 tradistingni
460 3687 554 3737 contra
570 3680 729 3755 potentiam.
766 3682 821 3742 Sed
838 3684 1063 3739 considerandum
1080 3690 1129 3754 est,
1148 3687 1221 3758 quod
1226 3686 1322 3759 foma
1339 3694 1376 3741 eat

270 3788 319 3841 quo
332 3788 409 3839 acerra
421 3768 490 3839 cpit:
503 3768 582 3840 atqui¹
591 3768 677 3822 forma
689 3773 731 3821 est
743 3774 824 3837 actam,
837 3774 866 3823 et
877 3769 906 3823 id
918 3787 972 3841 quo
983 3788 1065 3843 agens
1077 3771 1136 3843 agit
1147 3776 1189 3825 ast
1200 3773 1283 3827 virtus
1290 3792 1298 3840 ;
1311 3765 1381 3844 ergo

269 3856 377 3910 realiter
388 3861 465 3911 actus
477 3860 505 3909 ot
516 3855 603 3910 virtus
616 3860 680 3909 sunt
693 3854 789 3909 eadam
799 3873 858 3910 res:
875 3856 942 3911 licet
957 3857 1007 3912 sub
1025 3858 1133 3912 diversa
1143 3859 1374 3913 consideratione:

271 3945 335 4016 quia
344 3951 419 3999 actua
429 3943 529 3998 dicitur
536 3944 566 3997 in
576 3942 669 3997 ordina
677 3942 711 3997 ad
723 3943 944 3998 constituendum
955 3963 1011 4014 ens,
1024 3946 1111 3999 virtus
1122 3963 1186 4000 vero
1198 3935 1329 4001 inordina
1340 3948 1376 4001 ad

270 4032 490 4087 constituendum
507 4048 596 4103 agens.
633 4030 705 4085 Aliis
715 4030 813 4100 verbis,
832 4030 918 4086 forma
934 4037 967 4086 ut
983 4033 1032 4104 dat
1048 4051 1106 4087 esso
1123 4033 1163 4087 roi
1174 4033 1274 4088 dicitm·
1290 4040 1375 4105 actus,

271 4120 317 4175 hic
328 4125 420 4173 autem
432 4124 516 4187 actus,
529 4123 560 4172 ut
571 4117 685 4172 ulterius
696 4118 876 4173 terminabilis
887 4119 922 4173 ad
938 4125 1022 4188 extra,
1039 4120 1140 4175 dicitur
1151 4120 1245 4176 virtus.
1283 4121 1376 4188 Quum

270 4224 333 4279 ergo
351 4223 400 4261 nos
417 4205 464 4259 hic
480 4222 592 4277 agamus
613 4205 647 4259 da
670 4204 757 4260 causis
775 4210 875 4275 motus,
891 4211 967 4278 patet
984 4206 1168 4261 adhibendum
1189 4226 1245 4263 essa
1261 4226 1278 4262 a
1297 4209 1375 4264 nobis

271 4311 370 4348 nomen
385 4291 504 4360 virtutis,
517 4291 609 4365 potius
627 4309 708 4363 quam
722 4297 807 4347 actus.
843 4292 925 4348 Patet
940 4299 1041 4364 autem,
1054 4294 1185 4348 virtutem
1198 4295 1329 4367 distingui
1341 4296 1376 4351 ab

271 4385 335 4437 actu
347 4397 429 4451 quem
437 4377 573 4451 producit,
586 4396 642 4434 non
653 4384 746 4434 autam
757 4380 792 4434 ab
803 4372 868 4435 actu
878 4396 933 4452 quo
944 4381 1121 4437 comtitrritur
1132 4382 1220 4437 inesse
1232 4382 1349 4439 virtutis.
1363 4430 1366 4434 ,
