3200 4984
196 369 265 415 car.
284 348 353 433 ιιι]
557 368 599 409 na
615 368 734 411 narsus
751 366 941 410 corrrnvuls.
1239 348 1303 409 303

199 538 404 602 actuationem
419 536 662 621 potentialitatis,
673 559 726 601 seu
741 536 987 600 immutationem
996 536 1181 620 passivitatis
1192 560 1247 621 per
1256 558 1304 600 re·

199 651 370 735 ceptionem
382 649 530 714 momenti
540 648 574 712 in
586 649 710 713 mobili:
734 650 790 729 vel,
804 649 888 712 iuxta
898 648 1073 713 Aristotelis
1085 649 1303 725 definitionem,

200 771 302 827 motus
311 771 357 825 est
366 769 450 825 actus
459 761 612 824 assistentis
621 760 1032 843 impotentiamtinpotentis,
1042 759 1130 823 idest
1139 769 1304 845 actus‚quo

200 872 519 957 enspotentialitatem
529 870 646 934 habens
660 869 769 954 incipit
778 869 1027 934 aliterschabere
1041 870 1120 934 circa
1134 870 1282 935 eamdem.

244 985 353 1049 Motus
368 982 553 1048 considerari
568 982 644 1047 solet
665 992 732 1045 tum
752 982 869 1045 ratione
889 980 1027 1058 subiecti,
1043 982 1076 1045 in
1090 1004 1152 1067 quo
1165 992 1222 1062 est,
1237 991 1305 1047 tum

200 1095 318 1161 ratione
339 1094 473 1174 termini,
492 1094 532 1158 ad
550 1116 643 1180 quem
664 1092 773 1157 tendit.
819 1092 951 1157 Ratione
970 1093 1097 1157 subiecti
1118 1093 1230 1177 duplex
1248 1104 1304 1175 cst,

202 1211 360 1273 immanem
378 1216 410 1271 et
431 1209 585 1271 transiens.
630 1205 809 1269 Immanens
838 1204 959 1284 dicitnr,
986 1205 1109 1290 quando
1134 1204 1306 1269 subiectum

202 1342 297 1403 agens
320 1318 428 1403 recipit
452 1318 485 1381 in
509 1317 608 1402 seipso
634 1316 845 1395 mutationem,
870 1339 961 1401 quam
986 1326 1101 1397 causat,
1124 1328 1160 1381 ut
1183 1318 1307 1401 quando

202 1429 303 1494 anima
323 1437 424 1493 movet
450 1428 586 1513 seipsam
605 1427 769 1513 cogitando
789 1437 843 1492 aut
862 1429 1044 1513 appetendo.
1089 1429 1128 1492 In
1142 1428 1201 1493 hoc
1221 1438 1308 1494 motu

204 1541 373 1606 subiectum
399 1549 536 1604 mutatur
562 1539 730 1604 secundum
755 1562 842 1603 suam
865 1539 1122 1624 potentialitatem
1148 1541 1307 1625 passivam,

204 1677 266 1718 non
281 1662 385 1717 tamen
406 1652 574 1716 secundum
596 1674 683 1715 suam
698 1650 842 1716 virtutem
863 1652 1001 1732 activam,
1016 1651 1088 1717 licet
1101 1653 1308 1738 potentialitas

204 1766 269 1829 eins
291 1764 388 1829 activa
412 1772 482 1827 actu
508 1764 706 1828 terminetur:
730 1762 768 1827 de
788 1784 896 1847 quare
911 1762 1046 1827 dicemus
1060 1764 1093 1827 in
1109 1772 1241 1829 tractatu
1260 1766 1310 1828 De

203 1879 367 1942 substantia
395 1876 555 1961 spirituali.
600 1874 708 1939 Motus
733 1874 905 1938 immanens
930 1883 994 1938 tam
1021 1875 1190 1954 causaliter,
1217 1900 1309 1961 qnam

205 1988 371 2053 formaliter
385 1999 431 2052 est
452 1988 485 2051 in
505 1987 572 2072 ipso
596 1986 733 2051 subiecto
758 1986 914 2071 adaquata
938 1997 1071 2071 sumpto.
1117 1988 1225 2052 Motus
1239 2012 1310 2053 vero

205 2102 318 2166 dicitur
344 2100 508 2178 transiens,
538 2099 790 2185 quotiescumque
815 2099 947 2163 mutatio
968 2100 1014 2163 vel
1034 2108 1109 2179 tota,
1131 2101 1176 2165 vel
1198 2101 1309 2186 aliqua,

205 2213 350 2298 recipitur
364 2222 448 2277 extra
463 2210 636 2275 subiectum
645 2232 757 2293 agens:
781 2218 929 2295 utquam
944 2210 1036 2275 homo
1051 2220 1152 2275 movet
1166 2211 1309 2297 lapidem,

205 2324 254 2388 vel
266 2348 365 2389 unum
379 2323 566 2389 elementum
581 2321 718 2387 materiae
733 2330 835 2387 movet
849 2322 943 2386 aliud.

250 2436 358 2501 Motus
373 2436 490 2501 ratione
504 2433 629 2499 termini
643 2442 690 2499 est
705 2433 817 2498 iterum
829 2434 950 2519 duplex,
961 2435 1075 2499 scilicet
1088 2436 1190 2500 localis
1204 2444 1235 2499 et
1250 2439 1310 2500 oir-

207 2526 293 2613 tastis.¹
335 2549 444 2612 Motus
465 2546 571 2611 localis
593 2556 650 2625 est,
667 2547 721 2630 qni
742 2547 926 2611 terminatur
948 2547 987 2611 ad
1008 2550 1069 2625 ubi,
1085 2547 1123 2612 de
1144 2570 1206 2632 quo
1222 2548 1312 2633 plura

208 2660 467 2725 dicemusinfra:
492 2668 594 2723 motus
618 2659 740 2723 virtutis
764 2668 820 2737 est,
844 2660 898 2745 qui
928 2658 1111 2723 terminatur
1134 2660 1173 2723 ad
1197 2682 1311 2724 novum

208 2772 339 2857 gradum
355 2771 507 2835 facultatis
521 2772 711 2835 intrinsecae:
738 2793 832 2855 quare
846 2780 950 2835 motos
965 2771 1089 2836 virtutis
1101 2772 1196 2857 exigit
1210 2785 1311 2837 muta·

207 2874 323 2947 tionem
350 2882 582 2966 potentialitatis
607 2881 792 2962 intrinsecae‚
820 2883 903 2966 quod
925 2906 989 2947 non
1012 2884 1145 2967 exigitur
1169 2882 1203 2947 in
1224 2893 1327 2949 motu'

209 3019 288 3081 pure
303 2995 402 3059 locali.

231 3108 354 3182 ,Motus
369 3108 492 3171 virtutis
508 3106 712 3172 subdividitur
725 3108 759 3171 in
774 3110 967 3172 intensionem
978 3117 1010 3173 et
1023 3111 1227 3189 remissionem,
1244 3110 1312 3194 qui·

208 3219 268 3285 bus
282 3220 406 3283 additur
420 3218 511 3283 tertia
526 3219 650 3302 species,
662 3242 730 3304 quae
746 3219 858 3284 dicitur
873 3221 1020 3286 admotis
1065 3220 1204 3285 Intonsio
1218 3229 1250 3285 et
1264 3244 1312 3285 re·
1351 3255 1353 3260 .

210 3333 314 3397 missio
328 3339 401 3403 sunt
416 3329 576 3416 acquisitio
592 3339 622 3393 et
637 3332 759 3394 amissio
775 3332 927 3415 graduum
942 3332 1064 3396 virtutis
1077 3333 1159 3397 intra
1173 3334 1311 3399 camdem

211 3444 342 3530 speciem
358 3443 505 3506 infimam.
528 3442 677 3506 Alteratio
693 3443 816 3506 virtutis
830 3453 877 3508 est
891 3446 1031 3538 mntatio,
1043 3467 1098 3529 per
1111 3468 1204 3531 quam
1214 3447 1312 3510 virtus

210 3555 321 3620 transit
336 3554 374 3619 ab
389 3577 451 3617 una
466 3554 565 3638 speeie
579 3554 686 3618 infima
696 3554 735 3618 ad
746 3555 857 3620 aliam:
880 3564 916 3619 ut
927 3579 1024 3642 quum
1035 3557 1132 3621 virtus
1141 3556 1312 3641 expanaiva,

210 3689 281 3752 quae
296 3666 443 3753 competit
464 3664 652 3751 hydrogenio
667 3674 697 3731 et
713 3666 873 3753 oxygonio,
890 3669 999 3732 transit
1013 3668 1046 3732 in
1060 3668 1153 3732 aliam
1167 3670 1312 3734 virtutem

211 3800 298 3863 aquae
312 3777 478 3862 propriam,
489 3798 518 3841 v.
534 3799 580 3860 gr.
597 3775 837 3842 madefactivam.

214 3884 216 3888 ’
255 3891 307 3955 69.
330 3889 372 3952 Et
387 3888 458 3973 quia
473 3886 552 3952 eirca
565 3887 631 3951 haec
640 3887 749 3951 ultima
757 3897 859 3971 potest
867 3888 972 3953 haberi
984 3889 1155 3970 difficultas,
1165 3891 1314 3975 quaritur

213 4002 341 4080 decimo,
356 4024 395 4065 on
409 4008 505 4063 motus
518 4002 638 4063 virtutis
643 4002 741 4083 possit
756 4000 861 4063 habas
875 4001 969 4065 locum
982 4004 1015 4065 im
1027 4003 1155 4086 simplici
1165 4004 1312 4069 elememn

256 4111 439 4197 Respondeo
450 4110 600 4195 negative,
611 4110 746 4176 sistendo
757 4112 791 4173 in
800 4111 915 4176 viribus
928 4110 1079 4192 materiae3
1101 4136 1174 4177 nam
1186 4114 1314 4201 simplex

213 4225 399 4289 elementum
414 4246 470 4289 nee
484 4232 586 4309 potest
600 4224 772 4289 modificare
788 4224 933 4308 seipsum,
948 4248 1045 4310 quum
1061 4227 1100 4289 sit
1115 4226 1197 4290 iners
1211 4228 1251 4291 ad
1265 4228 1314 4292 in-

213 4347 271 4419 tra,
280 4360 337 4403 nec
352 4336 390 4401 ab
406 4336 465 4401 alio
481 4336 647 4401 modificari
660 4337 694 4399 in
704 4336 828 4415 virtute,
838 4359 934 4421 quum
946 4337 1012 4401 eius
1026 4337 1233 4422 potentialitas
1243 4361 1314 4424 pas-
