3200 4984
226 373 298 418 can.
316 353 371 438 11.]
595 372 714 418 anuum
731 371 968 418 usnuasmnu.
1285 351 1323 411 11

224 537 275 601 hic
293 537 356 600 iam
377 535 567 602 considerare
583 545 751 622 utrumque
767 545 862 622 prout
880 530 1085 620 sunt'aliquid
1098 532 1217 600 ordinis
1230 542 1328 598 meta·

224 647 353 734 physici.
397 647 463 711 Ena
477 656 581 712 autem
596 649 843 736 metaphysieum
858 657 905 713 est
920 648 1005 733 quod
1018 646 1201 731 exsurgitex
1211 644 1329 732 enalysi

224 759 433 845 metaphysica
442 759 522 824 entia
532 760 659 847 physice
670 761 768 826 realis.
794 761 845 825 Sic
855 759 1066 846 personalitas,
1077 757 1328 836 substantialitas,

225 869 424 950 rationalitas,
454 870 636 951 animalitas,
667 880 741 937 saint
770 872 911 958 quaedam
942 871 1093 936 elementa
1121 868 1331 957 metaphysica

224 981 376 1048 hominis:
407 990 438 1047 et
463 982 611 1048 differunt
634 983 673 1048 ab
697 991 769 1049 ente
793 964 1014 1069 logioo;.quia
1030 1005 1086 1048 ens
1110 981 1256 1066 logicum,
1282 980 1330 1046 uti

225 1093 350 1179 species,
366 1115 475 1178 genus,
491 1093 673 1175 differentia,
693 1116 758 1160 non
777 1103 854 1160 sunt
868 1094 931 1160 nisi
949 1095 984 1159 in
1005 1102 1127 1172 mente3
1150 1115 1206 1158 ens
1225 1101 1330 1158 autem

225 1205 469 1292 metaphysicum
484 1213 531 1270 est
546 1214 711 1292 conceptus
725 1205 939 1290 inadequatus
953 1205 998 1270 rei
1012 1213 1097 1270 extra
1104 1213 1241 1270 mentem
1251 1204 1329 1270 exis·

216 1319 329 1397 tentis,
344 1317 392 1382 vel
406 1318 510 1402 potius
525 1318 591 1403 ipsa
614 1339 664 1383 res
687 1327 723 1384 ut
746 1318 939 1403 inadaeqmte
963 1316 1135 1403 concipitur
1158 1315 1330 1381 secundum

225 1429 437 1515 precisionem
451 1429 577 1496 mentis.

271 1542 321 1607 Sic
336 1541 432 1626 igitur
451 1541 636 1626 principium
652 1541 786 1606 activum
801 1539 1008 1627 metaphysice
1022 1523 1250 1605 consideratum
1265 1557 1329 1604 non

225 1661 273 1718 est
296 1650 357 1718 nisi
380 1653 482 1738 ipsum
507 1652 694 1717 elementum
712 1651 870 1716 materiale
886 1658 922 1715 ut
939 1651 1130 1737 inaquuate
1147 1651 1329 1735 concipitur,

224 1765 455 1851 praescindendo
471 1763 509 1828 ab
523 1764 622 1850 ipsius
637 1763 825 1849 passivitate.
871 1762 1020 1828 Similiter
1032 1762 1219 1849 principiam
1230 1762 1328 1848 passi-

226 1900 298 1943 vum
320 1876 525 1964 metaphysica
546 1876 774 1941 consideratum
795 1894 860 1939 non
879 1883 927 1940 est
941 1873 1002 1939 nisi
1022 1874 1127 1960 ipsum
1141 1874 1328 1939 elementum

121 1977 124 1981 ’
225 1987 391 2068 materiale,
407 1997 442 2052 nt
459 1987 650 2073 inadaeqnate
666 1986 849 2071 concipitur,
863 1985 1095 2072 praescindendo
1109 1987 1148 2052 ab
1162 1985 1229 2051 eius
1243 1985 1330 2072 prin·

226 2099 305 2185 cipio
320 2099 426 2164 activo.
604 2095 609 2104 “

271 2213 323 2276 19.
347 2209 536 2294 Principium
559 2208 691 2274 activum
714 2208 774 2274 hoc
798 2208 890 2274 modo
913 2216 1074 2293 sumptum
1100 2209 1213 2274 dicitur
1234 2218 1328 2291 actae,

226 2321 298 2407 qnia
320 2321 439 2386 ratione
455 2321 549 2386 huius
565 2320 708 2406 principii
728 2320 819 2386 activi
839 2343 900 2385 aare
921 2321 1068 2406 competit
1085 2321 1160 2386 enti.
1204 2322 1329 2388 Dicitur

187 2503 189 2508 ,
225 2433 318 2497 etiam
328 2431 992 2499 actusentitativnsvelactussubstantialis.
1016 2433 1098 2497 Nam
1107 2455 1328 2518 quamunum-

226 2544 371 2631 quodque
385 2554 457 2628 agat
471 2544 506 2608 in
522 2553 673 2629 qnantum
688 2544 778 2608 estin
787 2553 869 2624 actu,
881 2552 917 2608 ut
929 2567 1008 2630 saepe
1016 2545 1126 2630 repetit
1139 2545 1171 2611 S.
1183 2545 1327 2626 Thomas,

225 2658 361 2742 primum
376 2657 459 2742 quod
473 2656 645 2740 concipitur
658 2655 691 2720 in
707 2654 858 2741 principio
869 2655 967 2721 activo
980 2678 1045 2720 non
1053 2663 1101 2720 est
1109 2665 1196 2720 actua
1206 2656 1327 2740 agendi,

226 2770 280 2848 sed
299 2778 386 2834 actua
402 2767 534 2846 essendi,
550 2767 605 2853 qui
622 2776 668 2831 cst
686 2776 773 2832 actus
788 2766 968 2832 entitativns
977 2791 987 2845 3
1009 2775 1041 2833 et
1055 2767 1142 2852 prius
1156 2767 1328 2856 concipitur

113 2931 115 2935 ,
226 2904 291 2945 esse
304 2882 339 2944 in
355 2903 396 2960 se,
412 2880 495 2965 quod
510 2879 585 2944 dicit
600 2887 702 2943 actum
718 2878 963 2957 substantialem,
979 2900 1071 2963 quam
1091 2878 1189 2964 possit
1208 2879 1328 2964 concipi

226 2997 291 3055 es'ae
305 2991 338 3055 iu
353 2990 422 3055 alio.
467 2990 566 3054 Actus
580 3011 651 3054 vero
666 2988 815 3054 dividitur
829 2988 862 3052 in
877 2989 1013 3074 primum
1028 2997 1060 3053 et
1074 2988 1255 3070 seeundum,
1272 3013 1327 3057 seu

222 3099 709 3188 Με
732 3108 820 3164 aetus
834 3099 963 3185 primus,
979 3123 1034 3165 seu
1042 3100 1269 3188 metaphysicus
1280 3112 1328 3166 est

224 3214 336 3277 entitas
355 3212 499 3298 principii
518 3212 609 3276 activi
630 3211 812 3277 considerati
830 3212 864 3275 in
882 3234 939 3276 auo
956 3221 1106 3298 conceptu
1124 3213 1327 3299 inadequato,

225 3334 260 3389 ut
275 3325 307 3388 in
322 3324 416 3409 priori
431 3323 470 3388 ad
485 3323 731 3389 constituendam
747 3322 963 3402 substantiam,
974 3332 1006 3387 et
1017 3333 1141 3389 vocatur
1147 3326 1251 3409 forma
1259 3328 1327 3391 aab·

224 3437 382 3502 stantialis.
427 3436 526 3500 Actus
550 3435 711 3513 secundus,
727 3457 782 3498 seu
800 3435 956 3522 physicus,
971 3445 1019 3499 est
1037 3436 1119 3500 idem
1142 3437 1327 3522 principium

225 3549 356 3614 activum
368 3547 527 3632 adaequate
539 3545 775 3626 consideratum,
788 3545 854 3610 sine
869 3547 1055 3630 praecisione,
1067 3557 1098 3611 et
1113 3556 1149 3612 ut
1163 3548 1330 3615 intrinsece
1382 3597 1384 3600 ψ

225 3637 410 3745 completum
426 3658 465 3724 ad
480 3657 644 3743 agendum,
656 3657 690 3723 id
704 3667 751 3723 est
766 3665 926 3741 sumptum
936 3680 991 3742 pro
1003 3657 1069 3742 ipsa
1081 3657 1252 3723 substantia
1263 3659 1324 3724 iam

224 3772 401 3838 constitute.
1176 3753 1181 3764 ²

267 3889 321 3951 20.
345 3883 493 3948 Similiter
513 3881 699 3968 principium
722 3881 889 3965 passivum,
907 3881 954 3946 vel
976 3882 1115 3965 potentia
1136 3881 1264 3966 passiva,
1279 3884 1327 3949 vel

211 3995 392 4082 passivitas,
416 3992 500 4079 quod
520 3993 603 4058 idem
625 4001 682 4072 est,
703 3991 851 4058 dividitur
872 3992 905 4056 in
927 3988 1097 4077 potentiam
1119 3994 1249 4078 primam
1271 4019 1327 4062 seu

224 4106 474 4193 metaphysicam,
490 4113 521 4169 et
541 4103 706 4169 secundam
726 4125 781 4168 seu
795 4103 966 4195 physicam.
1010 4104 1153 4170 Potentia
1167 4104 1267 4191 prima
1281 4116 1328 4173 est

223 4220 373 4304 capacitas
394 4216 559 4302 recipiendi
581 4214 715 4300 primum
737 4237 814 4294 esse,
830 4215 876 4280 vel
898 4223 945 4280 est
967 4216 1152 4301 principium
1171 4219 1326 4303 pasaiwm

223 4331 449 4398 consideratum
465 4337 500 4393 ut
515 4328 549 4394 in
563 4327 657 4413 priori
672 4326 711 4391 ad
723 4326 928 4410 receptionem
943 4327 1036 4412 primi
1050 4351 1133 4393 esse:
1157 4336 1188 4392 et
1203 4341 1327 4408 vocatur
