3200 4984
204 373 274 419 car.
292 353 346 436 m]
538 371 581 417 na
597 371 801 415 suusxaurla
820 373 1002 419 consonas.
1248 358 1310 418 155

206 541 342 626 accipere
356 548 558 624 augmentum
574 539 620 603 vis
637 538 762 616 activae;
784 564 856 605 naua
872 541 931 606 hoc
952 551 1155 625 angmentum
1171 540 1217 605 vel
1232 548 1311 603 esset

207 654 310 738 aliqua
324 653 422 717 forma
436 650 657 729 substantialis,
672 651 720 715 vel
734 651 837 736 aliqua
850 652 948 717 forma
966 654 1170 717 accidentalis.
1215 651 1313 736 Atqui

207 773 363 830 neutrum.
409 762 483 826 Non
498 760 728 841 substantialis3
751 767 822 847 quia
837 764 946 827 accidit
961 764 1016 828 tali
1036 765 1186 829 elemento
1200 763 1313 828 habere

207 876 269 940 tale
284 881 504 960 augmentum:
528 881 559 937 et
573 883 720 958 praeterea
734 875 921 939 elementum
938 876 1065 961 simplex
1076 876 1226 961 complete
1241 897 1312 939 oon·

209 989 356 1052 stitutum
371 986 404 1050 in
419 1008 485 1051 esse
500 984 681 1049 substantiae
694 1008 758 1051 uon
773 996 820 1051 est
835 1010 929 1073 capax
943 1011 1031 1053 novoe
1045 989 1150 1053 founae
1171 988 1314 1053 substan·

208 1098 301 1163 tialis.
347 1098 479 1182 Insuper
493 1096 621 1160 malleus
637 1096 723 1176 dum,
739 1106 864 1183 accepto
878 1098 1024 1184 impulsu,
1036 1109 1186 1179 movetur,
1201 1121 1264 1163 non
1278 1100 1315 1163 fit

210 1210 268 1274 alia
291 1209 474 1288 substantia,
489 1216 524 1273 ut
539 1207 664 1272 evidens
677 1217 734 1273 est.
780 1210 853 1274 Non
869 1233 944 1295 ergo
958 1221 1157 1295 augmentum
1174 1210 1253 1275 illud
1267 1219 1314 1277 est

210 1320 312 1406 aliqua
325 1320 425 1385 forma
439 1318 657 1389 substantialis.
703 1319 777 1384 Non
791 1320 885 1385 etiarn
897 1322 1110 1403 accidentalis;
1133 1322 1204 1408 quia
1215 1322 1315 1387 solum

210 1434 351 1499 accidens
365 1431 541 1517 receptibile
554 1431 587 1495 in
610 1431 761 1497 elemento
776 1432 909 1519 simplici
924 1441 970 1498 est
992 1434 1093 1519 passio
1110 1443 1232 1514 motus3
1255 1434 1316 1498 ele-

210 1554 351 1609 mentum
365 1543 449 1608 enim
463 1565 528 1607 non
542 1542 650 1628 recipit
670 1542 786 1627 aliquid
808 1544 868 1608 nisi
882 1544 915 1608 in
931 1567 986 1609 sua
1007 1545 1231 1631 potentialitate
1246 1568 1315 1631 pas·

212 1658 295 1721 siva:
318 1655 405 1740 atqui
419 1677 484 1721 non
498 1664 545 1720 est
560 1654 619 1719 alia
633 1655 842 1739 potentialitas
857 1658 976 1741 passiva
990 1658 1023 1721 in
1032 1657 1194 1736 elemento,
1204 1658 1265 1721 nisi
1276 1657 1316 1722 ad

210 1778 339 1834 motum.
383 1766 468 1852 Ergo
481 1766 591 1851 nequit
605 1766 738 1851 recipere
746 1767 809 1831 nisi
818 1776 935 1832 motum
946 1791 1000 1853 per
1009 1769 1135 1835 modum
1147 1769 1314 1855 passionis;

210 1903 273 1944 non
295 1888 398 1944 autem
420 1878 571 1944 actionem
592 1878 625 1941 in
652 1876 719 1943 alia
765 1879 849 1962 Ilrgo
871 1881 978 1964 nequit
1004 1881 1190 1946 elementum
1216 1904 1315 1946 unum

209 1978 434 2057 communicare
449 2014 537 2055 suam
551 1990 614 2055 vim
629 1990 759 2055 activam
774 1989 872 2071 alteri,
891 2001 924 2055 ut
940 2015 994 2076 per
1009 1993 1088 2057 illud
1109 2002 1181 2077 agat
1202 1993 1236 2056 in
1254 2004 1315 2057 ter-

210 2105 300 2169 tium.
343 2104 428 2186 Ergo
451 2102 553 2167 omnis
576 2101 656 2165 actio
681 2100 825 2166 elementi
850 2105 1015 2169 materialis
1034 2114 1189 2169 exercetur
1208 2105 1315 2168 imme-

211 2216 293 2279 diate
318 2237 337 2279 a
361 2213 499 2298 quolibet
528 2214 561 2277 in
591 2213 760 2298 quodlibet.
806 2213 935 2294 Quarto,
961 2215 1039 2280 ratio
1068 2225 1193 2301 propter
1221 2239 1315 2301 quam
1350 2244 1353 2249 ·

211 2327 375 2392 adversarii
397 2326 525 2411 exigunt
549 2327 682 2391 materiae
705 2326 856 2391 actionem
882 2329 1051 2392 transmitti
1071 2330 1104 2393 in
1124 2328 1241 2393 distans
1259 2350 1317 2413 per

213 2440 302 2504 aliam
331 2438 491 2503 materiam
519 2436 745 2518 intermediam,
775 2447 822 2503 est
852 2439 924 2523 quia
953 2449 1066 2523 putant
1095 2440 1156 2504 vim
1186 2440 1315 2504 activam

213 2551 350 2634 indigere
365 2549 498 2634 quodam
512 2548 651 2613 vehiculo
664 2549 825 2628 materiali,
840 2558 876 2615 ut
890 2553 1052 2635 propagari
1066 2551 1171 2635 possit.
1220 2550 1317 2635 Atqui

214 2683 270 2726 nec
295 2661 415 2744 indiget
437 2659 540 2745 aliquo
554 2659 703 2739 vehiculo,
719 2668 750 2723 et
774 2660 800 2724 si
814 2660 906 2725 etiam
929 2662 1091 2746 indigeret,
1107 2662 1233 2727 materia
1253 2684 1316 2725 non

214 2782 317 2857 posset
332 2795 397 2836 esse
410 2771 473 2836 tale
484 2769 669 2835 vehiculum.
713 2771 797 2855 Ergo
808 2771 922 2837 frustra
936 2782 1085 2853 asserunt,
1096 2772 1229 2838 materiae
1240 2774 1318 2837 vires

215 2884 368 2947 mediante
392 2882 451 2947 alia
474 2880 601 2945 materia
618 2903 708 2965 agere
729 2882 763 2945 in
783 2882 911 2947 distans.
958 2884 1063 2948 Minor
1083 2893 1202 2948 constat
1217 2884 1318 2969 quoad

214 2995 346 3079 primam
376 3002 494 3079 partem
523 3016 560 3057 ex
584 2992 673 3057 dictis
698 3016 789 3078 supra
815 3016 846 3057 n.
874 2998 917 3059 40
928 3022 937 3073 3
961 3018 1033 3059 nam
1057 2995 1231 3060 vehiculum
1255 3017 1318 3060 non

214 3108 347 3193 exigitur
361 3105 422 3169 nisi
436 3105 476 3170 ad
487 3104 671 3169 mutandum
682 3108 734 3170 ati
743 3132 753 3183 ;
777 3107 875 3170 virtus
887 3114 989 3170 autem
1000 3108 1134 3171 materiae
1146 3130 1242 3191 quum
1255 3130 1318 3171 non

216 3222 255 3283 sit
271 3219 328 3283 sub
343 3216 580 3303 praedicamento
594 3218 654 3294 aot,
669 3218 777 3301 nequit
794 3227 912 3282 mutare
926 3220 977 3281 obi
985 3245 994 3296 3
1017 3229 1047 3282 ct
1063 3219 1106 3283 sic
1120 3240 1184 3282 non
1199 3218 1317 3302 indiget

214 3330 363 3395 vehiculo.
409 3328 519 3406 Quoad
541 3330 703 3393 secundam
728 3338 846 3413 partem
869 3330 1013 3394 facillima
1034 3330 1190 3416 probatur.
1236 3330 1319 3394 Nam

217 3443 243 3507 si
257 3442 354 3505 virtus
368 3439 521 3524 indigeret
535 3439 684 3519 vehiculo,
700 3462 812 3524 qnoero,
828 3442 981 3526 quomodo
997 3441 1094 3507 virtus
1108 3442 1173 3507 haec
1190 3442 1319 3506 exerceri

216 3561 318 3637 posset
333 3552 488 3616 mediante
508 3552 661 3616 material
706 3553 757 3616 An
776 3553 931 3618 mediante
952 3554 1077 3617 materia
1099 3552 1318 3617 discontinual

218 3664 278 3729 Sed
293 3675 368 3728 tunc
383 3686 436 3748 per
451 3664 535 3748 quod
549 3663 723 3728 vehiculum
738 3665 935 3744 exercebitur,
952 3687 1049 3750 quum
1064 3665 1144 3728 inter
1161 3663 1318 3727 materiam

217 3786 248 3841 et
272 3776 432 3840 materiam
463 3775 553 3840 detur
581 3776 792 3861 interruptio?
836 3777 887 3840 An
911 3798 981 3841 vero
1011 3776 1164 3839 mediante
1194 3777 1321 3838 materia

218 3887 373 3966 continua,
399 3895 435 3951 ut
459 3887 546 3950 aiunt
569 3886 783 3971 peripatetici?
813 3888 911 3951 multo
935 3887 1049 3951 minus.
1095 3886 1177 3949 Nam
1206 3885 1239 3949 in
1262 3886 1321 3950 boc

218 4021 290 4063 casu
304 4000 427 4064 deberet
441 3998 566 4085 aliquod
579 4008 732 4084 punctum
745 3999 881 4063 materiae
896 4007 1014 4062 motum
1030 4018 1149 4061 movere
1170 4004 1321 4081 punctum

219 4111 277 4175 sibi
299 4111 521 4176 immediatum.
567 4111 664 4195 Atqui
690 4119 842 4195 punctum
861 4109 1073 4174 immediatum
1098 4131 1115 4171 a
1135 4108 1193 4172 sibi
1213 4110 1320 4173 imme·

220 4223 302 4287 diato
325 4222 440 4287 moveri
463 4244 526 4286 non
551 4231 662 4307 potest.
710 4221 792 4285 Nam
816 4221 849 4285 in
873 4222 1020 4285 continuo
1046 4220 1108 4284 duo
1131 4230 1247 4304 puncta
1265 4220 1323 4284 sibi

219 4335 404 4414 immediata,
415 4336 541 4399 omnino
557 4356 590 4398 se
604 4334 796 4398 identificant
806 4342 916 4398 mutuo
928 4359 937 4411 ;
961 4333 1044 4418 quod
1053 4340 1099 4397 est
1111 4332 1185 4396 adeo
1195 4342 1322 4411 certum,
