3200 4984
200 378 269 422 oar.
286 359 357 446 ιιι]
561 377 678 421 annun
694 376 929 420 usroamnou.
1258 359 1303 421 43

202 545 306 609 statim
337 546 424 630 sequi
446 545 485 609 de
507 567 539 609 se
561 553 592 608 et
614 545 681 628 ipso
703 543 783 610 facto
805 565 842 608 ex
862 543 1015 628 positione
1034 544 1144 609 formae
1161 543 1303 611 substan·

202 656 301 735 tialis3
324 665 400 722 tunc
419 655 671 721 concordabimus
692 655 780 720 facile
806 677 877 720 oum
902 655 964 720 illis
977 656 1011 721 in
1025 657 1082 722 hae
1095 658 1303 742 responsione,

202 789 274 852 quae
288 790 359 832 vera
383 776 439 832 est.
487 767 546 832 Sed
571 775 646 831 tunc
664 766 828 832 dicendum
845 767 913 847 erit,
929 768 1013 833 hunc
1032 768 1175 834 effectum
1194 791 1303 835 seeun-

204 878 332 960 darium,
347 889 456 965 utpote
471 902 534 944 non
548 879 717 944 necessario
732 900 904 944 connexum
925 901 997 944 oum
1011 881 1171 946 existentia
1185 881 1303 963 formae,

204 1013 266 1056 non
289 990 399 1055 habere
421 991 572 1055 rationem
593 989 792 1054 sufficientem
808 991 857 1054 sui
870 990 904 1054 in
919 989 984 1054 sola
998 991 1055 1056 hac
1068 992 1176 1057 forma.
1220 994 1303 1059 Nam

204 1102 330 1166 effectus
343 1102 480 1168 formalis
494 1111 541 1168 est
556 1102 623 1186 ipsa
641 1101 739 1166 forma
755 1102 790 1165 in
810 1111 883 1166 actu
899 1103 1052 1168 secundo:
1075 1104 1102 1167 si
1121 1126 1195 1188 ergo
1214 1105 1304 1171 unice

204 1213 388 1298 dependeret
412 1213 450 1278 ab
476 1213 529 1279 illa
553 1212 660 1292 forma,
682 1213 784 1297 posita
808 1212 916 1293 forma,
936 1214 1105 1280 necessario
1129 1226 1305 1301 poneretur.

203 1325 378 1389 Dicendum
398 1334 450 1406 ‘est
473 1346 546 1408 ergo
570 1324 653 1412 quod
676 1323 729 1390 ille
750 1324 879 1390 effeetus
901 1325 1098 1391 secundarius
1127 1337 1174 1392 est
1203 1329 1304 1395 adhuc

205 1435 443 1502 determinabilis
457 1436 498 1501 ad
511 1436 686 1516 carendum,
702 1444 733 1500 et
748 1436 833 1520 quod
846 1436 936 1517 illud,
950 1437 1034 1522 quod
1048 1437 1121 1503 facit
1138 1461 1205 1504 esse
1221 1440 1306 1506 hunc

204 1549 299 1614 alium
322 1550 465 1614 effectum
489 1548 659 1628 formalem,
675 1557 722 1612 est
747 1547 890 1632 quaedam
915 1569 994 1614 nova
1017 1549 1230 1615 determinatio
1253 1552 1306 1618 ad-

202 1662 337 1726 veniens.
362 1661 413 1724 Sic
421 1683 456 1725 -ι,
472 1682 520 1743 gr.
534 1659 657 1744 qnando
671 1667 773 1744 partes
788 1659 867 1744 ligni
882 1669 1041 1725 mutantur
1054 1662 1088 1725 iu
1102 1662 1305 1748 partesignis,

204 1773 304 1838 forma
327 1773 404 1838 dana
426 1771 488 1836 illis
510 1771 650 1856 partibus
673 1770 752 1855 ligni
776 1772 913 1856 primum
938 1795 1013 1852 esse,
1034 1782 1137 1838 manet
1147 1799 1157 1851 3
1180 1785 1307 1841 manent

204 1885 287 1950 enim
307 1893 409 1970 partes
430 1885 464 1947 in
485 1905 591 1948 rerum
612 1891 739 1947 natura:
762 1883 861 1948 forma
884 1893 987 1948 antem
1012 1884 1218 1950 determinans
1239 1887 1308 1951 illas

204 2007 305 2082 partes
320 2005 391 2060 actu
402 1995 566 2060 existentes
578 1993 617 2058 ad
632 2017 697 2058 essa
711 1993 799 2078 ligni,
812 1996 933 2076 transit,
944 2019 1000 2060 seu
1012 1998 1102 2082 perit,
1114 2006 1151 2062 ut
1165 1999 1308 2064 succedat

206 2131 285 2174 nova
298 2109 397 2172 forma
411 2107 618 2172 determinans
631 2105 754 2171 illas'ad
762 2129 828 2170 esse
838 2107 930 2192 iguis.
954 2107 1036 2184 Quia
1046 2131 1116 2173 vero
1124 2109 1222 2174 forma
1231 2110 1308 2176 dans

204 2220 342 2304 primum
367 2242 432 2284 esse
456 2218 596 2304 partibus
621 2218 757 2282 materiae
781 2240 845 2282 nou
871 2219 923 2283 dat
947 2219 1008 2283 nisi
1033 2241 1099 2284 esse
1121 2199 1307 2306 principium

206 2333 338 2408 activum
354 2331 416 2396 sive
431 2331 471 2394 sit
486 2329 680 2394 attractivum
703 2331 765 2396 sive
786 2330 984 2415 repulsivam,
999 2340 1030 2394 et
1052 2331 1308 2416 potentialitatem

205 2444 356 2528 passivam
372 2442 412 2506 ad
425 2450 545 2506 motum
560 2441 670 2505 realem
682 2467 692 2521 ;
715 2463 778 2506 non
790 2449 893 2506 autem
904 2441 957 2505 dat
967 2442 1066 2527 ipsam
1075 2442 1308 2510 determinatam

207 2555 358 2619 actionem
380 2575 436 2617 nec
457 2553 556 2638 ipsam
580 2553 814 2618 determinatam
835 2554 1007 2638 passionem
1029 2555 1179 2620 actualem
1196 2564 1309 2636 motus,

208 2667 277 2731 ideo
299 2673 425 2751 apparet
448 2665 590 2729 effectum
611 2664 791 2750 primarium
812 2665 921 2730 formae
942 2687 1018 2745 esse,
1033 2666 1117 2751 quod
1139 2667 1311 2733 substantia

208 2780 415 2844 constituatur
428 2777 613 2862 principium
630 2776 709 2842 reale
723 2776 879 2841 actionum
894 2785 925 2842 et
939 2777 1115 2861 passionum
1130 2777 1163 2841 iu
1184 2801 1217 2843 se
1236 2779 1309 2844 sub·

208 2892 330 2969 sistens,
346 2888 561 2954 secundarium
576 2909 646 2952 vero
672 2889 738 2973 (qui
760 2887 861 2953 adhuc
877 2888 1029 2974 dependet
1043 2912 1061 2953 a
1074 2911 1154 2955 nova
1167 2890 1312 2956 determi-

209 3003 394 3082 natione,ut
410 3001 600 3083 dictumest)
624 3022 690 3065 esse
711 3001 815 3084 ipsum
842 3009 944 3064 aetum
970 3001 1081 3084 agendi
1096 3001 1144 3066 vel
1163 3003 1310 3086 patiendi,

208 3116 297 3180 idest
315 3113 467 3191 movendi,
479 3112 527 3176 vel
547 3111 713 3197 accipiendi
729 3121 867 3191 motum3
889 3112 944 3197 qui
958 3113 1084 3176 effectus
1098 3134 1161 3177 non
1175 3115 1311 3198 proxime

208 3236 240 3292 et
261 3225 438 3291 immediate
453 3224 591 3309 sequitur
604 3225 740 3309 primum
753 3246 820 3288 esse
834 3225 981 3304 materiae,
992 3225 1046 3289 sed
1060 3225 1155 3309 exigit
1168 3235 1314 3310 praeterea

210 3339 303 3404 aliam
325 3337 483 3402 materiam
503 3337 537 3400 in
559 3358 652 3420 quam
671 3344 844 3400 exerceatur
864 3315 953 3415 actio,
968 3344 999 3400 et
1018 3358 1056 3400 ex
1074 3358 1135 3421 qua
1149 3337 1313 3422 recipiatur

210 3452 323 3537 passio.
370 3449 420 3513 Sic
435 3448 531 3532 igitur
545 3455 681 3532 apparet,
697 3447 789 3532 quod,
805 3447 844 3511 ad
858 3447 1034 3511 habendum
1055 3447 1145 3511 illum
1170 3449 1313 3513 effectum

210 3562 370 3628 formalem
391 3559 614 3638 secundarium,
638 3580 701 3623 non
725 3559 835 3623 sufficit
860 3558 959 3622 forma
981 3559 1058 3623 dans
1080 3559 1216 3644 primum
1238 3582 1313 3640 esse,

211 3675 265 3740 sed
286 3673 485 3758 requiruntur
507 3671 565 3735 alia
586 3669 764 3734 inducentia
785 3691 895 3734 novam
913 3667 1207 3749 determinationem,
1230 3671 1314 3756 quod

212 3796 259 3852 est
274 3785 375 3850 dicere
388 3805 502 3848 novam
518 3783 660 3846 formam.

256 3901 310 3962 44.
333 3897 437 3980 Atque
451 3894 511 3973 hic,
527 3916 566 3956 nc
587 3893 666 3956 forte
688 3891 777 3957 nobis
799 3891 949 3975 effugiant
971 3891 1131 3956 adversarii
1152 3915 1208 3977 per
1229 3894 1315 3958 cuni-

212 4009 329 4087 culum,
344 4005 460 4091 aliquid
474 4004 559 4068 aliud
574 4003 750 4069 addendum
766 4012 824 4067 est.
860 4003 990 4067 Posseut
1004 4003 1087 4066 enim
1102 4003 1210 4084 dicere,
1224 4027 1316 4070 omne

212 4121 399 4186 elementum
425 4118 469 4181 ita
492 4116 638 4180 constitui
663 4138 718 4200 per
741 4124 844 4180 actum
865 4136 927 4178 suae
946 4113 1064 4195 formae,
1078 4124 1114 4178 ut
1134 4138 1171 4180 eo
1190 4115 1257 4200 ipso
1277 4117 1315 4181 ab

213 4233 298 4298 omni
323 4231 382 4296 alio
404 4229 555 4294 elemento
577 4227 796 4311 distinguatur.
844 4225 936 4302 Quod
962 4228 988 4290 si
1009 4249 1114 4291 verum
1138 4228 1188 4307 sit,
1210 4227 1316 4292 eadem

213 4344 322 4423 forma,
337 4365 405 4428 quae
421 4341 472 4405 dat
494 4340 628 4425 primurn
650 4362 725 4417 esse,
741 4337 826 4403 dabit
847 4338 938 4402 etiam
958 4337 1117 4423 distingui.
1164 4339 1232 4403 Hoc
1247 4361 1317 4403 vero
