3200 4984
323 398 388 463 272
678 420 720 463 na
737 420 855 464 rursus
871 413 1062 463 couvruurs.
1284 398 1368 481 [css.
1381 418 1417 461 11.

323 608 359 651 ex
373 587 434 653 huc
448 610 545 674 usquc
561 588 659 669 dictis,
675 599 705 653 et
720 613 756 653 ex
770 590 808 653 iis
823 612 891 675 quae
906 591 938 653 in
954 597 1085 654 tractatu
1100 591 1149 653 De
1165 590 1331 653 mbstcntio
1353 613 1416 653 cor-

315 721 411 782 porea
431 699 662 785 disputavimus,
685 723 751 785 cap.
766 702 787 765 i.
834 701 917 765 Hinc
935 701 1069 786 spatium
1087 701 1255 765 secundum
1270 723 1302 763 se
1317 700 1416 763 nullas

322 810 414 875 habet
432 822 533 896 partes
556 813 687 876 actuales
702 812 869 877 formaliter
883 822 1021 876 extensas
1035 823 1089 875 aut
1104 810 1270 875 divisibiles
1284 820 1315 875 et
1330 835 1416 876 meu-

322 922 479 1002 surabiles,
492 923 546 987 sed
559 934 605 987 est
620 924 661 1001 id,
677 946 732 1005 per
746 923 829 1007 quod
843 923 966 987 extendi
979 931 1080 1007 potest
1096 931 1197 986 motus
1211 922 1371 986 divisibilis
1386 931 1416 986 et

321 1034 542 1099 mensurabilis.
589 1034 679 1099 Unde
700 1058 762 1099 non
783 1044 830 1099 est
851 1035 963 1099 mirum
983 1034 1066 1119 quod
1084 1034 1331 1118 supradiximus,
1347 1056 1415 1119 spa·

321 1146 400 1210 tium
415 1148 450 1211 de
463 1170 494 1211 se
507 1168 569 1211 non
585 1170 650 1211 esse
665 1148 867 1231 quantitatem
882 1156 913 1211 et
928 1168 990 1210 non
1005 1145 1116 1210 habere
1131 1146 1279 1210 actualem
1294 1147 1416 1231 quanti-

321 1266 426 1323 tatem.
472 1257 548 1334 Quae
571 1281 619 1322 res
642 1280 737 1343 quum
763 1258 883 1322 difficile
909 1256 1120 1341 intelligantur
1144 1257 1276 1337 anobis,
1292 1267 1416 1341 propter

321 1370 533 1455 phantasmata
554 1371 723 1435 intellectui
745 1370 932 1458 obludentia,
954 1378 1019 1434 tota
1040 1370 1107 1435 haec
1128 1369 1255 1433 materia
1275 1369 1415 1453 plurimis

321 1504 440 1567 semper
455 1482 683 1568 difficultatibus
698 1482 808 1567 patuit,
820 1489 854 1546 ut
870 1504 906 1545 ex
916 1480 1003 1544 libris
1013 1480 1263 1565 philosophorum
1272 1488 1414 1565 apparet:

321 1615 397 1677 quas
412 1615 474 1657 non
489 1593 610 1672 frustra,
625 1594 743 1678 opinor,
759 1594 818 1657 hoc
832 1593 930 1678 capite
944 1600 1121 1677 prevertere
1135 1592 1314 1656 curavimus.
1337 1590 1415 1654 Vide

319 1704 410 1769 etiam
426 1705 506 1769 intra
519 1728 584 1790 cap.
600 1705 643 1770 iii.
659 1706 690 1769 in
705 1706 777 1771 fine.

766 1978 905 2043 CAPUT
929 1980 974 2044 Π.

587 2138 638 2193 DE
655 2137 880 2193 DURATIONE
897 2138 945 2193 ΕΓ
962 2138 1149 2194 TEMPORE
1227 2194 1230 2201 .

363 2290 416 2353 30.
438 2287 569 2351 Duratio
593 2287 672 2350 entis
695 2286 897 2351 communiter
923 2286 1067 2351 definitur
1086 2291 1291 2370 permanentia
1314 2290 1359 2353 rei
1384 2291 1414 2352 is

320 2386 400 2465 esse:
424 2407 455 2462 et
477 2398 590 2462 dicitur
611 2407 693 2462 stass
715 2398 749 2460 in
774 2406 853 2477 ente,
880 2398 962 2482 quod
987 2410 1144 2483 permanet
1168 2408 1238 2463 actu
1265 2400 1330 2463 sinc
1352 2400 1415 2464 ulla

321 2511 500 2589 mutatione,
510 2511 611 2592 fluetus
626 2532 695 2573 vero
717 2509 751 2572 in
773 2519 853 2588 ente,
869 2509 952 2594 quod
975 2510 1057 2574 subit
1080 2509 1212 2574 actuales
1234 2512 1415 2575 successivas

320 2623 538 2687 mutationes*.
583 2621 714 2686 Duratio
739 2630 824 2685 stans
850 2622 909 2686 dici
933 2631 1035 2705 posset
1058 2646 1159 2701 vocuo,
1185 2646 1278 2687 vacua
1303 2624 1415 2687 scilicet

319 2736 488 2800 mutatione
513 2742 544 2798 et
568 2733 764 2812 successione,
788 2742 819 2797 et
844 2734 963 2798 duratio
985 2734 1084 2798 fluens
1110 2746 1211 2818 posset
1237 2735 1296 2799 dici
1313 2737 1414 2820 pleno,

319 2848 453 2911 motibus
469 2846 581 2911 scilicet
596 2846 771 2909 successivis
786 2844 959 2922 continuis;
984 2868 1104 2909 summa
1120 2846 1202 2909 enim
1217 2853 1263 2909 est
1277 2846 1415 2931 analogia

319 2958 400 3022 inter
415 2957 605 3021 durationem
621 2966 652 3019 et
667 2954 810 3040 spatium.

354 3094 373 3133 ἕ
391 3090 529 3146 Successio
547 3090 673 3144 definitur
689 3089 758 3144 ratio
776 3089 871 3162 prioris
888 3089 923 3143 ad
934 3089 1080 3161 posterius:
1099 3090 1146 3143 sed
1156 3089 1217 3143 haec
1228 3090 1350 3144 definitio
1362 3091 1414 3144 im-

319 3177 411 3250 plicite
424 3178 544 3233 continet
556 3178 644 3231 ideam
656 3177 784 3249 temporis
796 3175 872 3247 quasi
888 3176 1087 3247 precognitam,
1100 3194 1185 3248 quum
1202 3183 1293 3231 tamen
1311 3196 1414 3232 sucees-

319 3262 403 3318 aionis
414 3263 476 3317 ides
486 3262 563 3317 nobis
575 3263 722 3317 necessaris
734 3263 771 3317 sit
782 3263 817 3317 ad
829 3262 1017 3334 explicandum
1029 3267 1143 3334 tempus.
1168 3262 1247 3317 Licet
1257 3264 1310 3317 hoc
1321 3266 1415 3319 incon·

318 3351 429 3407 veniens
446 3350 482 3404 sit
499 3350 600 3404 nullius
615 3350 746 3403 momenti
764 3349 840 3421 (nam
857 3349 943 3421 reipsa
961 3353 1075 3420 tempus,
1087 3350 1218 3404 successio
1234 3356 1263 3404 et
1280 3358 1370 3404 motus
1387 3369 1415 3405 se

318 3444 413 3492 mutuo
425 3436 578 3507 includunt)
592 3442 682 3508 potest
693 3442 784 3490 tamen
801 3436 928 3508 explicari
946 3436 1085 3504 successio,
1098 3436 1164 3508 quin
1181 3438 1340 3492 adhibeatur
1354 3439 1415 3493 idea

318 3524 453 3597 temporis,
467 3528 498 3578 ut
515 3528 586 3578 recte
602 3527 679 3577 notat
690 3522 799 3577 Balmes
812 3522 921 3594 (philos.
934 3522 1055 3601 fundam
1065 3523 1112 3577 hl).
1126 3523 1172 3578 vii.
1186 3542 1208 3578 c.
1221 3525 1267 3595 7)2
1290 3527 1414 3585 Quedam

318 3612 395 3681 esim,
407 3610 505 3682 inquit,
517 3629 544 3664 se
559 3617 646 3663 masso
664 3610 940 3679 acimaetensem
956 3628 1024 3663 non:
1043 3628 1140 3678 mm,
1153 3629 1210 3681 que
1225 3630 1252 3664 se
1269 3614 1413 3680 excludunt,

318 3699 451 3753 autemid
467 3698 583 3768 implicat
597 3697 783 3751 sweesmosem.
821 3697 857 3749 In
875 3696 943 3750 linea
955 3713 1002 3749 ss
1012 3711 1038 3765 c,
1050 3715 1142 3767 corpus
1158 3698 1237 3751 atum
1252 3699 1281 3751 in
1292 3716 1312 3751 A
1327 3702 1415 3772 nequit

318 3786 430 3840 transire
441 3786 478 3838 ad
487 3801 506 3837 Β
520 3784 582 3855 quin
593 3790 669 3838 cesset
680 3802 731 3837 esse
743 3784 771 3836 in
783 3800 810 3851 A,
823 3801 903 3853 quum
914 3783 978 3836 situs
989 3783 1018 3836 ia
1029 3799 1048 3835 Β
1061 3784 1179 3836 excludat
1193 3784 1271 3837 mum
1289 3786 1317 3837 in
1329 3802 1363 3839 A:
1383 3805 1414 3839 oc

316 3873 435 3926 similiter
452 3872 515 3925 situs
532 3872 589 3924 inc
608 3870 718 3925 excludit
735 3870 814 3923 situm
831 3869 859 3921 irs
870 3885 897 3921 s.
935 3870 966 3923 u·
982 3888 1049 3939 erpo,
1061 3887 1113 3921 non
1131 3870 1244 3923 obstante
1260 3876 1351 3925 mutua
1368 3891 1413 3926 es·

318 3960 434 4028 elusione,
456 3959 509 4013 hec
530 3959 582 4012 tria
601 3958 720 4025 existam,
742 3958 821 4010 datm
841 3956 969 4009 successio.
1006 3956 1134 4009 &messio
1154 3956 1234 4025 ipstur
1254 3959 1358 4012 realiter
1377 3966 1414 4013 est

317 4047 450 4100 metentis
460 4064 558 4114 eorum,
571 4063 628 4115 pue
638 4063 664 4098 se
679 4045 834 4097 modost:
853 4048 877 4095 et
894 4042 941 4095 lsoc
956 4042 1080 4111 inportat
1095 4061 1146 4095 esse
1162 4042 1202 4095 rei
1216 4044 1376 4113 escum,
1389 4052 1414 4099 et

317 4151 369 4186 noo
386 4150 437 4187 esse
457 4133 497 4185 rei
515 4132 628 4185 excluse.
671 4130 787 4184 Venutio
809 4129 891 4182 omncs
908 4128 1023 4198 implicat
1041 4129 1107 4181 hanc
1126 4129 1301 4198 actaeonem,
1314 4137 1339 4184 et
1356 4132 1413 4185 tileo

317 4218 401 4272 omnes
423 4218 534 4271 eumatio
557 4216 672 4287 implicat
683 4216 873 4269 ‘mcessonem
886 4255 892 4267 .
907 4255 913 4267 .
928 4254 934 4267 .
948 4253 954 4267 .
968 4214 1104 4284 Perespere
1128 4214 1289 4269 mentium
1313 4235 1410 4285 eoruns,

317 4322 374 4373 que
385 4322 411 4356 se
423 4304 566 4371 excludunt,
575 4309 612 4356 est
618 4303 752 4373 percepere
763 4301 941 4355 suessionem
950 4307 974 4354 et
986 4307 1101 4370 temptes:
1120 4320 1264 4368 numerare‚
1274 4310 1311 4356 est
1322 4323 1412 4357 aume-

316 4406 377 4440 rare
389 4394 494 4456 tempus.

1567 533 1569 648 l
