3200 4984
325 359 390 422 212
651 391 693 433 ns
711 392 913 438 suasresrrs
928 394 1108 438 corrosus.
1267 372 1352 454 [cau
1369 388 1425 430 111·

370 548 544 635 Aliquando
560 564 663 621 eutem
678 559 849 626 substantia
870 561 1039 647 composita
1060 560 1220 625 resolvitur
1237 555 1425 633 naturaliter,

325 658 400 741 quia
415 670 524 728 natura
539 666 605 751 ipsa
620 670 703 750 lacit,
720 672 802 756 quod
817 672 938 737 chimici
952 673 1078 753 faciunt,
1093 681 1125 735 et
1136 670 1234 735 multo
1249 669 1319 754 plus
1334 689 1426 752 quum

328 768 449 836 chimici
472 787 602 859 possunt
616 780 723 846 fecere.
769 783 820 848 Sic
841 783 964 869 qnando
978 806 1057 869 aqua
1071 782 1133 847 sole
1155 790 1290 846 saturata
1303 788 1428 844 natura·

327 879 396 945 liter
426 900 614 971 evaporatur,
646 892 805 959 deficiente
834 896 981 980 paulatim
1011 896 1183 981 quantitate
1212 916 1297 971 aquae
1323 913 1426 955 neces.-

329 994 407 1057 saria
420 995 461 1061 ad
482 1004 722 1069 conservandum
738 1006 831 1071 salem
849 1008 996 1085 solutum,
1011 1007 1055 1071 sal
1069 1008 1180 1071 iterum
1194 1004 1426 1092 crystalliaatur.

329 1101 425 1189 Copia
439 1119 540 1175 sutem
558 1114 628 1178 salis
648 1118 842 1203 crystallizati
855 1121 1019 1203 respondet
1035 1129 1138 1184 exacte
1152 1141 1224 1183 cum
1239 1117 1340 1181 debita
1355 1137 1426 1199 pro·

326 1218 465 1299 portione
488 1225 582 1309 copiae
605 1250 691 1313 aquae
712 1240 889 1315 evaporatae.
934 1231 1009 1296 Ideo
1033 1231 1116 1295 enim
1139 1230 1183 1294 sal
1210 1228 1426 1314 praecipitatur,

328 1329 400 1411 quia
414 1331 467 1396 illa
481 1357 551 1418 pars
566 1362 662 1424 aquoe,
678 1341 711 1405 in
726 1365 787 1426 qua
803 1342 944 1407 manebat
959 1344 1088 1421 solutus,
1098 1342 1236 1406 discessit
1246 1342 1279 1405 in
1291 1362 1426 1423 vapores.

332 1439 414 1506 Hinc
437 1448 537 1511 omnis
560 1473 652 1516 causa
674 1476 791 1538 augens
814 1456 862 1519 vel
887 1456 1055 1519 accelerans
1078 1454 1318 1540 evaporationem
1342 1472 1430 1536 aquae

328 1564 419 1637 auget
435 1557 480 1621 vel
495 1559 640 1626 accelerat
660 1564 931 1649 praecipitationem
952 1568 1033 1631 salis.
1077 1568 1118 1630 Et
1137 1567 1202 1629 haec
1223 1565 1375 1629 sufficiant
1389 1563 1428 1626 de

326 1666 473 1731 affinitate
497 1680 528 1733 at
550 1672 828 1741 combinationibus
846 1700 880 1741 ac
901 1678 1158 1742 resolutionibus:
1180 1700 1237 1741 nos
1259 1676 1342 1740 enim
1363 1698 1428 1739 non

327 1787 493 1845 tractamus
503 1781 562 1845 nisi
572 1783 609 1847 de
620 1785 789 1871 principiis,
805 1788 917 1874 quibus
932 1789 996 1853 baec
1011 1788 1153 1873 explicari
1161 1787 1292 1852 debent:
1305 1808 1427 1851 accura-

326 1898 389 1954 tam
405 1901 508 1956 autem
523 1904 555 1957 et
570 1895 721 1961 minutam
737 1899 970 1983 applicationem
980 1900 1156 1964 eorumdem
1175 1898 1214 1963 ad
1229 1920 1317 1962 casus
1332 1896 1428 1981 parti-

326 2002 443 2067 culares
458 2004 595 2070 ehimicis
609 2008 818 2093 relinquimus

372 2118 444 2181 120.
468 2117 708 2200 Vindicavimus,
724 2144 756 2185 n.
774 2124 835 2185 101
852 2122 886 2186 in
900 2132 983 2201 nota,
999 2122 1098 2207 legem
1113 2122 1243 2187 actionis
1257 2122 1290 2185 in
1310 2121 1428 2185 ratione

325 2228 444 2292 inversa
459 2229 676 2314 quadratorum
690 2232 907 2298 distantiarum
921 2257 977 2319 pro
995 2258 1067 2299 casu
1084 2236 1118 2299 in
1135 2258 1197 2319 quo
1218 2234 1257 2298 ob
1280 2234 1425 2319 proximi·

325 2348 420 2406 tatem
435 2341 565 2405 duarum
588 2342 805 2408 molecularum
826 2346 915 2424 actio,
937 2369 1005 2431 quae
1021 2348 1106 2430 prius
1120 2358 1186 2410 erat
1206 2346 1376 2424 attractiva,
1392 2346 1428 2408 iit

326 2452 488 2537 repulsiva.
532 2454 564 2517 N
566 2477 636 2534 nne,
659 2477 696 2519 ex
711 2456 799 2520 dictis
814 2457 848 2520 in
862 2459 997 2521 numeris
1020 2458 1261 2543 precedentibus
1275 2458 1315 2521 dc
1329 2458 1426 2522 affini·
1461 2518 1464 2522 .

324 2574 398 2641 tate,
414 2564 518 2628 eadem
533 2564 582 2629 lex
597 2565 741 2631 vindicari
756 2577 857 2652 potest
872 2591 928 2653 pro
942 2592 1024 2648 casu,
1040 2570 1073 2633 in
1090 2591 1153 2654 quo
1174 2592 1211 2633 ex
1232 2570 1427 2653 proximitate

326 2677 455 2741 duarum
470 2677 686 2741 molecularum
703 2680 800 2743 oritur
814 2680 909 2743 maior
923 2682 1073 2759 attractio,
1089 2704 1182 2766 qnam
1192 2704 1262 2766 quae
1273 2680 1427 2745 videretur

325 2787 506 2871 respondere
521 2790 582 2873 legi
597 2790 758 2873 praedictae.
802 2791 936 2855 Evidens
951 2792 1033 2855 enim
1048 2801 1104 2870 est,
1121 2792 1209 2877 quod,
1223 2793 1349 2877 quando
1364 2811 1427 2856 una

325 2900 473 2964 molecula
495 2902 604 2985 incipit
624 2902 714 2966 aliam
735 2912 902 2987 penetrare,
917 2911 951 2967 et
970 2904 1048 2967 vires
1067 2927 1086 2967 r
1107 2904 1172 2988 (fig.
1198 2906 1250 2986 14)
1273 2904 1427 2989 incipiunt

325 3002 490 3095 disiici'per
509 3014 659 3076 actionem
683 3013 825 3077 elementi
841 3012 866 3077 Η
881 3037 913 3077 se
932 3014 1117 3078 insinuantis
1138 3016 1173 3078 in
1192 3014 1304 3093 medio,
1319 3015 1428 3079 eodem

322 3130 460 3207 tempore
483 3133 514 3187 et
534 3134 664 3207 augetur
681 3126 759 3189 actio
781 3126 877 3190 centri
895 3126 926 3188 Α
949 3125 989 3189 ob
1007 3126 1334 3211 appropinquationem
1354 3149 1427 3191 cum

326 3246 430 3301 centro
445 3236 569 3299 alterius
586 3236 752 3315 moleculaa,
779 3246 809 3301 et
828 3238 980 3301 minuitur
997 3238 1130 3322 repulsio
1153 3239 1376 3302 elementorum
1399 3263 1427 3318 r,

326 3349 387 3412 sive
413 3346 485 3432 quia
505 3355 708 3425 removentur,
735 3348 797 3411 sive
826 3349 956 3411 maxime
985 3349 1057 3432 quia
1078 3349 1231 3412 resultans
1253 3372 1361 3413 earum
1390 3352 1427 3413 fit

326 3460 453 3524 minime
474 3458 513 3523 ob
534 3458 682 3542 angulum
704 3458 946 3540 obtusissimam,
973 3459 1031 3523 sub
1056 3482 1118 3544 quo
1142 3470 1341 3525 concurrunt.
1383 3461 1427 3528 Et

327 3580 546 3657 consequenter
565 3569 652 3649 ratio,
671 3578 907 3655 propterquam
927 3571 1068 3634 attractio
1091 3571 1197 3633 erescit
1221 3570 1302 3635 ultra
1325 3572 1428 3656 legem

327 3684 452 3751 rationis
466 3683 593 3747 inversae
608 3682 825 3766 quadratamm
841 3681 1053 3745 distantiarum
1068 3681 1286 3761 theculnum,
1300 3706 1365 3747 non
1380 3692 1428 3748 est

325 3798 393 3875 alia,
409 3796 468 3860 nisi
482 3795 554 3879 quis
569 3794 708 3866 attractio
717 3794 867 3857 eiusmodi
878 3815 941 3856 non
950 3802 996 3857 est
1005 3793 1050 3856 vis
1059 3792 1196 3876 simplex,
1209 3793 1264 3862 sed
1274 3794 1429 3859 resultans

204 3947 206 3951 ·
326 3932 362 3973 ex
376 3906 526 3991 pluribus,
549 3926 616 3989 quoe
630 3903 663 3967 in
685 3902 737 3967 illa
754 3904 981 3988 propinquitate
994 3912 1148 3987 coguntur
1161 3902 1221 3967 ulio
1235 3904 1329 3968 modo
1342 3928 1428 3969 corn-

325 4040 437 4105 ponere
452 4017 671 4079 resultantem:
695 4014 748 4078 sed
764 4036 882 4097 semper
895 4023 1008 4091 manet,
1019 4013 1103 4097 quod
1117 4013 1251 4078 actiones
1265 4037 1428 4081 exercean-

324 4142 377 4194 tur
401 4130 435 4192 in
458 4128 575 4192 ratione
594 4128 712 4191 inversa
733 4126 949 4211 quadratarum
972 4125 1187 4189 distantiarum
1210 4128 1426 4209 clementorum,

326 4262 422 4325 quum
437 4262 473 4302 ex
487 4237 543 4302 hac
559 4238 624 4322 ipsa
639 4239 707 4321 lege
722 4237 891 4302 deducatur
899 4237 1062 4301 necessitas
1071 4236 1154 4301 illius
1165 4240 1427 4320 augmentationis

324 4353 356 4411 in
373 4348 552 4410 attractione
566 4356 674 4411 mutua
689 4347 726 4411 ad
742 4347 900 4416 minimam
917 4347 1102 4411 distantiam.
1147 4348 1188 4411 ut
1203 4348 1427 4416 advertendum
