3200 4984
211 370 283 453 eae.
301 385 370 467 rin]
565 407 608 449 nu
626 408 745 450 narnus
761 408 952 451 courrnurs.
1250 387 1313 449 313

254 567 305 629 79.
330 564 485 641 Quaeritur
500 576 618 651 quarto,
634 569 707 651 qnid
718 570 758 631 sit
766 591 944 651 pameneae
957 572 989 635 in
1003 578 1083 633 mota
1097 569 1194 633 locali.

254 675 445 759 Respondeo,
466 676 553 756 illud,
568 678 651 763 quod
665 679 697 747 in
714 688 800 743 motu
819 680 908 744 locali
927 679 1020 744 habet
1034 703 1100 746 esse
1118 701 1311 764 permanens,

210 809 275 851 esse
287 787 475 861 tendentiam
491 788 530 851 ad
545 790 722 853 rervandam
744 790 776 854 in
799 792 848 855 sui
868 792 1045 856 extensione
1059 791 1310 868 uniformitatem,

210 906 240 963 et
256 898 479 977 rectitudinem,
497 899 660 985 dequibus
682 924 776 986 supra
790 925 823 966 n.
841 906 900 969 75:
924 903 981 983 vel,
1004 904 1031 967 si
1045 904 1184 968 volumus
1199 902 1312 967 imitari

210 1008 377 1074 locutiones
399 1010 642 1094 praecedentibus
660 1013 813 1097 capitibus
834 1014 996 1093 adhibitas,
1014 1038 1080 1079 esse
1094 1014 1311 1079 virtualitatem

213 1121 360 1185 momenti
376 1131 477 1186 motus
492 1131 562 1187 actu
576 1123 690 1208 recepti
705 1124 741 1191 in
754 1125 977 1209 potentialitate
998 1126 1128 1189 mobilis.
1171 1126 1212 1190 Et
1227 1134 1312 1211 patet

211 1232 436 1317 multipliciter:
462 1238 494 1297 1⁰
508 1235 580 1320 quia
589 1235 711 1314 mobile,
720 1259 817 1322 quum
829 1238 870 1301 sit
880 1238 917 1301 de
927 1260 961 1301 se
971 1238 1146 1302 indifferens
1157 1238 1196 1302 ad
1212 1238 1311 1302 'attin-

212 1346 347 1428 gendum
371 1346 529 1430 quodlibet
550 1349 610 1425 ubi,
634 1358 757 1432 accepto
775 1349 912 1433 impulsu
926 1350 1005 1415 datae
1018 1350 1204 1414 intensitatis
1218 1358 1249 1413 et
1264 1349 1310 1413 di-

212 1458 353 1522 rectionis
368 1458 406 1522 ab
422 1467 541 1542 agente,
558 1459 778 1535 determinatur
792 1461 832 1525 ad
846 1461 1035 1525 tendendum
1050 1483 1122 1526 cum
1136 1462 1192 1525 tali
1202 1461 1311 1525 veloci·

211 1578 274 1633 tate
296 1571 441 1645 intulere
464 1571 671 1649 directionem,
695 1573 770 1656 quin
793 1572 890 1657 possit
912 1572 1005 1636 talem
1027 1572 1310 1665 determinationem

213 1682 400 1747 modificare:
424 1691 455 1747 et
469 1706 523 1767 per
537 1682 595 1747 hoe
610 1684 645 1747 fit
661 1692 732 1748 actu
749 1683 866 1748 habens
881 1684 1070 1748 tendentiam
1086 1684 1125 1747 ad
1145 1684 1309 1748 extenden-

212 1792 287 1857 dum
302 1815 333 1857 se
349 1792 451 1857 deebi
472 1794 506 1857 in
528 1796 579 1858 abi
600 1795 793 1860 uniformiter
807 1804 838 1859 et
853 1795 886 1859 in
902 1796 1022 1859 unicam
1046 1796 1254 1875 directionem,
1277 1797 1310 1861 id

211 1912 257 1967 est
280 1905 448 1969 secundum
471 1904 582 1970 lineam
605 1916 739 1971 rectam:
763 1910 796 1971 2⁰
811 1906 885 1991 quia
899 1906 977 1970 nihil
991 1907 1075 1971 aliud
1097 1908 1205 1972 stabile
1226 1908 1310 1972 inve..

210 2016 269 2080 uiri
284 2026 384 2101 potest
399 2018 432 2081 in
447 2018 532 2081 omni
547 2026 642 2097 motu,
660 2025 772 2102 praeter
788 2016 871 2081 illam
892 2007 1082 2082 tendentiam
1102 2020 1251 2097 actualem
1270 2020 1309 2084 ad

210 2130 386 2193 servandam
416 2129 521 2193 insui
546 2129 720 2193 extensione
745 2129 987 2194 uniformitatem
1016 2139 1047 2194 et
1076 2131 1308 2197 rectitudinem:

210 2244 245 2317 3⁰
259 2241 330 2325 quia
345 2242 498 2305 evidenter
512 2240 565 2305 illa
578 2241 736 2305 tendentia
750 2241 877 2321 actualis
888 2241 981 2305 habet
995 2264 1028 2305 se
1041 2242 1081 2325 ad
1096 2242 1221 2306 modum
1237 2243 1310 2306 sub«

210 2353 280 2419 lecti
301 2352 507 2437 permanentis
522 2363 552 2416 et
567 2352 797 2432 modificabilis3
820 2376 893 2416 nam
915 2351 941 2416 si
962 2353 1124 2417 intensitas
1145 2363 1247 2418 motus
1269 2356 1310 2418 sit

213 2468 262 2543 10,
279 2474 310 2529 et
330 2473 452 2549 propter
470 2486 584 2529 novum
602 2463 770 2549 impulsum
784 2465 839 2529 fiat
856 2468 907 2545 ll,
930 2465 1097 2545 tendentia,
1115 2488 1183 2552 quae
1198 2476 1262 2530 erat
1277 2468 1310 2531 in

212 2587 308 2659 motu,
323 2578 362 2642 ad
376 2577 594 2662 percurrendos
609 2577 802 2655 uniformiter
818 2577 921 2641 decem
936 2578 1069 2641 unitates
1089 2578 1251 2659 distantiae,
1267 2580 1310 2644 sic

212 2690 445 2767 modificabitur,
462 2698 496 2752 ut
511 2689 564 2753 liat
580 2689 737 2753 tendentia
752 2690 791 2753 ad
811 2689 1030 2773 percurrendos
1044 2690 1238 2755 uniformiter
1252 2713 1310 2775 un·¹

211 2802 309 2866 decim
323 2802 457 2865 unitates
473 2778 643 2865 distantia:
666 2808 696 2863 et
712 2800 755 2865 sic
769 2822 834 2864 non
852 2800 1024 2865 mutabitur
1040 2801 1074 2882 in
1095 2811 1246 2887 quantum
1262 2812 1308 2867 est

193 2980 196 2984 ,
210 2913 366 2978 tendentia
381 2912 420 2975 ad
434 2910 658 2975 extendendum
667 2919 785 2974 motum
796 2910 1000 2990 uniformiter,
1016 2912 1070 2976 sed
1081 2920 1202 2976 tantum
1216 2902 1309 2996 prout

210 3034 257 3089 est
271 3024 428 3089 tendentia
447 3023 486 3086 ad
508 3022 731 3087 extendendum
754 3022 853 3107 magis
867 3021 914 3087 vel
937 3022 1050 3102 minus,
1072 3046 1191 3109 semper
1205 3035 1309 3105 tamen

211 3135 402 3201 uniformiter
411 3162 421 3214 ς
444 3135 527 3199 uude
540 3135 605 3199 haec
620 3134 751 3198 mutatio
765 3157 828 3213 non
846 3134 904 3199 erit
926 3134 1134 3215 substantialis
1157 3137 1210 3202 sed
1231 3138 1308 3220 acei7

210 3248 349 3332 dentalis.
393 3247 435 3311 Et
449 3247 588 3310 similiter
610 3246 773 3311 dicendum
794 3256 842 3311 est
864 3247 1093 3312 demutatione
1115 3248 1308 3329 directionis,

138 3397 142 3405 ·
210 3362 236 3425 si
251 3361 333 3425 enim
343 3359 454 3423 mobile
468 3359 502 3422 in
517 3367 604 3423 motu
619 3359 745 3443 accipiat
759 3359 928 3444 impulsum
937 3360 969 3423 in
979 3383 1089 3424 novam
1101 3361 1307 3442 directionem,

211 3473 331 3537 obediet
345 3471 480 3558 quidem,
496 3471 549 3537 sed
564 3470 709 3535 servando
725 3471 913 3550 tendentiam
924 3471 968 3535 'ad
982 3481 1102 3536 motum
1117 3473 1307 3537 rectilineum

211 3586 243 3649 in
266 3608 343 3649 nova
365 3582 540 3661 directione,
555 3582 588 3646 in
603 3605 664 3668 qua
680 3590 836 3647 movetur:
860 3582 986 3646 directio
1000 3592 1103 3646 autem
1125 3592 1172 3646 est
1191 3583 1307 3667 aliquid

211 3720 334 3783 prorsus
348 3695 532 3760 accidentale
540 3704 571 3758 et
581 3695 783 3758 extrinsecum
798 3694 898 3758 motui
905 3720 915 3773 3
936 3694 1022 3758 etsie
1036 3717 1091 3779 per
1105 3695 1307 3759 mutationem

212 3810 304 3875 solius
320 3808 502 3888 directionis,
517 3815 620 3870 motus
629 3828 692 3871 non
702 3806 761 3869 nisi
770 3806 936 3870 extrinsece
947 3815 1095 3886 mutatur,
1107 3806 1139 3870 id
1149 3814 1195 3871 est
1206 3807 1308 3892 quoad

168 3963 170 3967 -
211 3924 388 3988 relationem
403 3918 611 3985 extrinsecam.

254 4037 307 4099 80.
331 4032 486 4111 Quaeritur
505 4030 624 4116 quinto,
647 4054 686 4093 an
699 4052 757 4113 per
771 4052 876 4093 novum
889 4015 1044 4113 impulsam
1059 4037 1187 4094 curtetur
1200 4032 1307 4094 intrin-

210 4168 272 4209 sece
286 4144 362 4209 illud
367 4164 552 4227 permamns,
568 4141 647 4223 quod
659 4148 702 4204 est
717 4142 748 4202 in
762 4148 853 4205 motu.
1220 4224 1226 4233 ι

254 4256 436 4342 Respondeo
458 4276 494 4317 ex
516 4252 707 4337 supradictis,
730 4250 807 4314 illud
833 4272 1014 4335 permanens
1036 4273 1102 4314 esse
1123 4250 1252 4336 duplex:
1276 4262 1307 4317 et

210 4370 343 4456 quidem,
358 4368 391 4431 in
406 4374 557 4452 quantum
572 4363 645 4427 dicit
660 4360 849 4427 tendentiam
865 4361 905 4426 ad
927 4362 1177 4444 uniformitatem,
1194 4373 1306 4456 mutan
