3200 4984
208 407 276 452 car.
293 385 348 470 11.]
572 393 691 440 neuun
707 389 941 436 urrunsmun.
1266 367 1310 430 29

208 570 314 655 dirigit
337 566 486 632 actionem
509 561 549 626 ad
573 569 667 637 extra,
686 566 717 622 et
738 558 798 621 hoc
821 556 861 619 sit
882 554 1006 639 praecise
1027 552 1060 616 id
1081 562 1206 638 propter
1227 550 1310 638 quod

202 684 395 750 ,elementum
410 685 456 742 est
471 672 638 751 materiale,
653 671 727 734 hinc
741 669 788 746 fit,
804 675 840 731 ut
857 666 1042 730 elementum
1053 664 1171 727 dicatur
1179 662 1312 746 recipere

208 804 329 870 motum
345 793 378 856 in
394 812 449 854 sua
467 784 604 851 materia.
651 781 720 844 Hoc
739 787 843 843 tamen
863 776 940 840 falso
960 775 1121 853 diceretur,
1137 774 1164 836 si
1183 771 1311 836 dicendo

210 907 365 971 materiam
390 899 601 966 excluderetur
626 892 668 972 id,
691 913 753 975 quo
779 888 907 952 materia
932 885 1130 951 constituitur
1150 885 1183 946 in
1207 881 1313 946 ordine

212 1017 349 1104 physico,
371 1012 472 1096 idjest
492 1009 608 1083 forma3
631 1002 778 1089 quamdiu
801 999 883 1095 enim
905 997 1033 1061 materia
1054 1003 1100 1059 est
1125 1002 1210 1058 extra
1229 993 1314 1056 hunc

211 1128 350 1194 ordinem
365 1123 537 1210 physicum,
552 1140 615 1183 non
632 1123 678 1180 est
694 1135 788 1197 capax
802 1108 1036 1175 modificationis
1050 1106 1202 1192 physicae3
1226 1113 1256 1168 et
1272 1105 1316 1174 sic

209 1237 339 1306 materia
354 1234 531 1300 sine'forma
546 1251 608 1293 non
620 1235 667 1291 est
679 1224 851 1302 subiectum
863 1220 992 1285 alicuius
1006 1218 1249 1296 modificationis,
1262 1225 1315 1281 aut

213 1360 300 1417 actus
312 1345 441 1434 physici.
472 1339 604 1419 Quando
616 1360 688 1422 ergo
698 1334 823 1400 materia
836 1333 982 1396 definitur
989 1332 1124 1416 primum
1134 1329 1315 1408 subiectum,

214 1473 246 1528 et
267 1461 441 1526 subiectum
463 1453 597 1519 sumitur
617 1451 652 1514 in
674 1470 766 1512 sensu
788 1445 863 1510 reali
885 1452 916 1508 et
938 1443 1075 1529 physico,
1091 1442 1217 1505 materia
1238 1441 1317 1506 acci-

215 1572 327 1660 pienda
344 1579 401 1646 est,
420 1568 499 1632 sicut
519 1562 666 1647 accipitur
683 1559 818 1642 evulgo,
831 1579 890 1640 pro
907 1556 1072 1618 substantia
1090 1555 1156 1637 ipra
1171 1553 1318 1616 materiali

215 1695 252 1760 ut
267 1685 310 1750 sic
318 1709 328 1762 3
351 1683 415 1745 haec
431 1677 513 1742 enim
529 1674 593 1739 sola
607 1682 653 1737 est
668 1693 762 1754 capax
773 1666 1034 1739 modificationem
1050 1665 1187 1729 realium.

262 1795 296 1859 si
310 1814 381 1858 vero
391 1791 550 1854 arbactum
562 1790 701 1848 sumatur
711 1781 744 1844 in
755 1802 848 1844 sensu
861 1777 1080 1863 metaphysico,
1092 1776 1135 1841 sic
1149 1776 1260 1841 falsum
1272 1785 1320 1842 est

217 1903 376 1979 materiam
391 1922 456 1964 esse
474 1895 656 1972 subiectum,
672 1894 705 1956 in
723 1913 784 1976 quo
807 1889 972 1973 recipiatur
993 1889 1091 1952 forma
1111 1888 1321 1954 substantialis

220 2016 296 2089 dans
310 2013 445 2078 materiae
459 2009 595 2095 primum
609 2027 684 2070 esse.
730 2003 864 2066 Nam'ex
877 2001 967 2064 dictis
977 2000 1113 2079 materia,
1125 2009 1160 2064 ut
1171 2002 1322 2085 receptiva

218 2129 333 2206 formae,
349 2147 412 2188 non
424 2130 470 2186 est
485 2143 550 2198 ens,
562 2126 593 2182 et
604 2138 667 2180 non
679 2123 725 2179 est
738 2113 909 2178 subiectum
925 2111 1071 2190 alicuius;
1095 2111 1149 2176 sed
1159 2113 1320 2192 terminus,

219 2238 258 2304 ad
284 2259 377 2322 quern
402 2232 585 2298 terminatur
610 2235 696 2292 actus
721 2223 960 2309 metaphysicus.
1018 2223 1121 2298 Quare
1146 2224 1238 2287 etiam
1263 2224 1321 2287 irn-

221 2349 342 2435 proprie
367 2343 496 2410 materia
521 2341 633 2406 dicitur
655 2338 782 2420 recepere
808 2334 944 2420 primum
969 2355 1166 2418 essequam
1191 2346 1324 2418 nequeat

222 2461 333 2526 hahere
356 2459 419 2524 vim
444 2453 628 2538 receptivam
653 2457 819 2532 antequam
845 2446 895 2509 sit.
942 2445 993 2508 Sic
1019 2444 1134 2509 frustra
1162 2468 1321 2531 quaereres,

223 2584 329 2638 utrum
351 2568 469 2654 sphaera
490 2563 615 2649 recipiat
637 2568 787 2636 centrum,
805 2579 845 2620 an
867 2563 1008 2620 centrum
1028 2556 1153 2640 recipiat
1173 2556 1323 2640 sphaeram

224 2706 320 2749 suam.
365 2679 439 2744 Non
459 2677 542 2742 enim
564 2673 667 2758 agitur
687 2670 724 2760 de
746 2667 953 2751 receptivitate
971 2666 1062 2745 entis,
1081 2667 1142 2730 nisi
1161 2675 1328 2752 postquam,

223 2817 278 2862 ens
292 2801 339 2858 est
354 2790 568 2866 constitutum,
578 2784 650 2870 quia
665 2778 858 2864 receptivitas
873 2786 920 2842 est
934 2776 1103 2862 proprietas
1121 2777 1219 2843 realis.
1265 2779 1326 2843 sed

225 2905 336 2970 dehoc
351 2901 461 2966 satis*.
1110 2945 1113 2948 ,

269 3018 321 3080 35.
347 3015 491 3098 Superest
511 3007 569 3072 alia
589 3003 761 3071 difficultas.
808 3003 842 3067 si
863 3002 946 3066 enim
968 3024 1068 3087 neque
1082 3002 1181 3067 forma
1201 3012 1249 3067 est
1270 3027 1324 3068 ens

225 3126 387 3214 physicum
406 3143 506 3207 neque
523 3118 660 3196 materia,
679 3123 789 3180 neutra
802 3113 914 3198 poterit
931 3113 1113 3198 principiare
1131 3137 1184 3198 per
1198 3116 1326 3179 modum

262 3256 276 3284 ¹·
294 3253 415 3306 Meretur
433 3245 676 3304 considerationem
693 3242 766 3314 quod
783 3241 824 3296 ait
841 3241 869 3295 S.
883 3240 1001 3294 Thomas
1018 3241 1048 3294 in
1061 3243 1188 3313 opusculo
1201 3242 1278 3311 xxxi,
1291 3243 1336 3297 de'

225 3338 364 3413 principiis
381 3341 493 3390 natiuae.
531 3331 642 3402 Proprie
659 3329 790 3401 loquendo,
804 3326 902 3398 inquit,
915 3327 981 3380 ailad
996 3329 1065 3398 qaod
1074 3334 1111 3381 ert
1122 3329 1151 3381 ia
1160 3329 1279 3398 potentia
1291 3331 1328 3382 ad

226 3444 278 3480 esse
289 3422 454 3479 mbrtaatc'alc
466 3420 561 3474 dicitur
573 3416 684 3471 materia
694 3415 794 3485 prima,
808 3414 878 3484 qaod
890 3419 976 3466 aedem
994 3419 1030 3466 est
1046 3413 1075 3465 in
1088 3413 1205 3482 potentia
1223 3416 1260 3467 ad
1275 3433 1327 3469 crea

227 3510 381 3565 accidentale
399 3507 494 3562 dicitur
513 3504 670 3561 subiectam.-
699 3501 839 3554 ameum
858 3498 927 3552 asim
946 3499 993 3552 dat
1012 3516 1064 3552 esre
1084 3499 1216 3569 coadorari,
1234 3501 1328 3555 goniaea

228 3597 359 3665 mutendi,
372 3595 434 3666 qaia
446 3593 561 3647 cecideras
572 3609 623 3644 aon
635 3589 710 3642 habet
722 3605 781 3655 esse,
791 3586 900 3656 mamper
910 3585 1049 3638 subiectum
1055 3605 1066 3644 ,·
1083 3587 1151 3639 unde
1157 3587 1253 3640 dicetur
1261 3589 1330 3658 qaod

229 3682 371 3739 accidentia
382 3687 442 3736 auat
454 3680 482 3734 iu
494 3679 612 3746 subiecto,
624 3693 677 3730 noa
688 3680 774 3728 mutan
786 3673 881 3726 dicatur
892 3671 1060 3743 qaodsorma
1071 3672 1245 3727 coarmata
1255 3674 1290 3728 ait
1300 3675 1329 3728 ia

228 3771 354 3825 abiecto:
372 3774 397 3822 et
407 3767 546 3821 comodum
557 3765 603 3817 hoc
615 3761 702 3834 dcffert
713 3759 825 3814 metata
837 3776 854 3810 α
865 3757 982 3824 subiecto,
992 3757 1053 3827 quia
1064 3757 1203 3812 εαόίθοίανη
1215 3765 1251 3812 ert
1263 3761 1332 3831 quod

228 3875 281 3911 noc
293 3856 368 3909 habet
379 3871 430 3907 cese
442 3871 473 3906 cc
485 3869 513 3906 eo
525 3850 593 3921 quod
605 3847 705 3918 aliquid
715 3845 739 3900 ei
750 3844 860 3912 advenit,
872 3844 918 3897 aad
928 3844 997 3914 quod
1007 3849 1044 3896 art
1055 3862 1107 3913 per
1118 3863 1145 3896 re
1156 3845 1267 3899 achabet
1278 3864 1330 3900 ease

230 3944 389 4014 completum,
399 3946 429 3994 ut
440 3939 516 3992 horno
527 3955 579 3990 non
591 3935 666 3988 habet
678 3950 729 3986 csse
740 3949 792 4001 per
804 3930 962 3988 albedinem
979 3931 1025 3982 scd
1034 3930 1145 3982 materia
1157 3929 1251 3983 dieitur
1262 3933 1331 4001 quod

230 4031 304 4084 habet
316 4046 367 4083 esse
378 4045 410 4080 ac
422 4044 451 4080 eo
463 4025 532 4096 qaod
541 4022 593 4089 achi
600 4020 711 4088 advenit,
724 4019 785 4089 qaia
798 4019 866 4071 deae
878 4035 929 4070 esse
940 4016 1128 4086 incompotem,
1140 4017 1221 4070 immo
1232 4018 1331 4070 mallum

230 4136 289 4187 csse,
302 4116 385 4184 haba,
397 4120 427 4168 ut
439 4111 501 4166 dicct
513 4113 699 4182 commentator
712 4105 865 4178 (deumiura,
878 4104 930 4175 2)‚·
947 4104 1185 4174 andc,‘sc‘mpliciter
1200 4106 1331 4176 loquendo,

223 4203 320 4277 forma
332 4203 378 4256 dat
389 4218 441 4254 asse
453 4196 576 4265 materie,
590 4195 706 4249 accimus
719 4199 806 4246 autem
817 4210 869 4246 aaa
881 4192 927 4244 dar
943 4210 995 4244 erae
1003 4191 1120 4261 subrecta
1132 4193 1178 4245 aad
1193 4193 1332 4246 misertum

233 4288 373 4345 accidenti.-
393 4287 451 4341 lc'cct
462 4284 600 4356 aliquando
609 4287 727 4354 ponatur
742 4297 825 4333 unum
832 4296 884 4348 pro
896 4277 956 4346 alio,
968 4278 1062 4332 scilciet
1078 4279 1189 4332 mersis
1201 4297 1254 4349 pro
1271 4280 1331 4332 ruh-

233 4378 305 4445 c'ccto,
318 4381 342 4430 et
354 4394 367 4428 e
379 4371 516 4428 contrario.
1179 4380 1184 4386 ⁴
