3200 4984
214 393 283 437 car.
301 374 342 458 1.]
543 394 588 438 ors
603 394 806 439 susarsurrs
822 394 1003 439 consortes.
1277 378 1320 441 89
1368 411 1371 419 ·

213 586 269 649 per
290 564 405 629 alium:
429 565 641 650 unusquisque
660 586 734 649 ergo
752 562 893 629 subsistit
912 564 944 627 in
966 585 1008 642 sc,
1026 571 1058 627 et
1075 572 1122 627 tot
1143 574 1216 629 sunt
1233 574 1320 630 actus

214 674 432 739 substantiales
447 658 522 760 quot
536 683 650 760 partes.

257 789 349 852 Dices
363 790 408 852 2⁰.
430 787 544 851 Anima
565 787 702 851 humana
728 796 775 851 est
796 808 859 850 uns
880 786 979 851 forma
1001 786 1140 871 simplex,
1162 796 1193 851 et
1215 798 1319 852 tumen

214 899 358 963 informat
372 920 481 963 omnes
495 907 597 983 partes
612 899 758 984 corporis.
801 899 886 983 Ergo
900 920 919 962 a
933 898 999 984 pari
1012 898 1112 963 forma
1126 899 1275 963 continui.

259 1010 442 1095 Respondeo
456 1010 525 1074 dist.
541 1018 603 1074 cnt.
619 1018 666 1074 est
677 1032 740 1074 una
751 1009 850 1074 forms
862 1007 938 1073 daus
952 1008 1087 1094 primum
1099 1033 1164 1075 esse
1178 1011 1319 1095 partibus

214 1145 291 1207 quas
309 1122 457 1186 informat
471 1145 501 1186 n.
517 1130 580 1186 cnt.
596 1120 674 1186 dans
693 1121 834 1186 viveres.
850 1129 914 1185 ant.
931 1131 962 1185 et
976 1144 1049 1207 nepo
1064 1144 1177 1207 conseq.
1192 1129 1223 1187 et
1231 1127 1319 1207 peri-

215 1242 315 1300 tatem.
361 1232 502 1317 Singulae
522 1233 606 1297 enim
623 1241 726 1318 partes
746 1233 891 1319 corporis,
911 1233 944 1297 in
966 1242 1118 1318 quantum
1140 1233 1319 1318 simpliciter

215 1353 299 1425 sunt,
321 1344 437 1424 habent
459 1344 618 1430 proprium
640 1354 754 1424 sctum,
776 1354 942 1431 antequam
963 1345 1169 1411 informentur
1191 1346 1263 1425 vita,
1287 1355 1319 1411 et

213 1456 341 1522 omnino
365 1456 607 1542 independenter
635 1455 674 1521 ab
704 1456 806 1520 anima
817 1482 827 1535 3
858 1478 945 1521 secus
974 1480 1028 1541 per
1056 1468 1187 1522 mortem
1217 1467 1318 1523 totum

214 1569 341 1634 cadaver
369 1577 571 1634 evanesceret.
617 1568 731 1633 Anima
759 1591 833 1653 ergo
856 1578 903 1633 est
933 1570 1031 1633 forma
1059 1558 1256 1655 superaddita
1284 1571 1317 1635 in

214 1681 322 1745 ordine
343 1680 383 1745 ad
404 1679 656 1745 constituendum
678 1680 802 1746 vivens:
826 1679 880 1745 sed
900 1680 1000 1766 prima
1018 1682 1152 1746 actuatio
1174 1680 1319 1778 substan·

213 1792 296 1856 tialis
311 1793 446 1877 partium
461 1792 555 1876 exigit
571 1791 709 1877 singulas
729 1801 832 1878 partes
853 1791 965 1857 habere
985 1814 1073 1858 suam
1088 1793 1241 1879 propriam
1255 1793 1318 1859 for·

214 1926 307 1982 mam,
324 1912 360 1967 ut
375 1903 447 1968 alibi
462 1903 581 1968 dictum
595 1912 652 1968 est.

260 2019 310 2080 11.
335 2015 491 2092 Quaeritur
509 2015 628 2100 quinto,
645 2038 685 2078 en
708 2018 834 2080 materia
855 2018 1003 2096 continua,
1021 2020 1049 2080 si
1068 2017 1199 2098 daretur,
1216 2029 1318 2103 posset

214 2128 273 2191 dici
286 2129 374 2191 unica
387 2128 563 2191 substantie.

258 2238 440 2323 Respondeo
461 2238 611 2322 negative.
658 2238 741 2302 Nam
763 2261 799 2302 ex
822 2238 912 2303 dictis
934 2241 1073 2325 sequitur
1094 2249 1141 2305 tot
1163 2262 1229 2307 erse
1243 2242 1316 2306 sub·

215 2351 343 2415 stantias
356 2350 452 2414 reales
464 2349 634 2429 distinctas,
646 2359 722 2436 quot
734 2360 807 2414 sunt
823 2359 938 2435 puncta
952 2352 1086 2416 materiae
1100 2362 1171 2416 actu
1185 2361 1316 2433 actuata,

214 2485 346 2547 quorum
361 2485 460 2526 uuum
474 2461 595 2527 realiter
608 2484 672 2525 non
686 2469 734 2526 est
748 2460 843 2527 aliud.
890 2462 1021 2547 Insuper
1042 2462 1199 2548 quodlibet
1218 2486 1316 2549 punc-

213 2584 282 2639 tum
295 2583 343 2639 est
357 2574 485 2639 materia
500 2573 652 2638 sufficiens
667 2582 702 2637 ut
717 2581 859 2637 actuetur
873 2597 928 2658 per
942 2574 1005 2639 vim
1019 2574 1155 2639 localiter
1170 2575 1316 2640 motivam
1416 2622 1420 2627 -

214 2686 253 2751 ad
267 2694 369 2765 extra,
391 2695 423 2750 et
443 2684 587 2772 quaelibet
607 2685 653 2749 vis
674 2684 853 2749 huiusmodi
873 2695 976 2750 actuat
995 2688 1153 2751 materiam
1174 2687 1233 2752 sibi
1246 2710 1317 2772 pro·

214 2799 417 2883 portionatam
444 2805 475 2861 et
497 2797 622 2882 praecise
644 2796 790 2876 debitam,
814 2797 966 2862 actuando
991 2799 1117 2864 unicum
1144 2809 1315 2885 punctum:

214 2910 285 2995 quia
299 2931 338 2974 ex
352 2909 443 2973 unico
457 2917 574 2993 puncto
590 2908 681 2973 debet
699 2909 861 2993 procedere
876 2910 941 2973 eius
957 2910 1083 2976 directio
1103 2910 1144 2975 ad
1165 2889 1316 2996 punctum

213 3021 371 3106 quodlibet
391 3029 475 3085 extra
497 3042 539 3083 se.
583 3020 668 3104 llrgo
689 3020 791 3104 posito
812 3043 876 3085 uuo
901 3029 1017 3107 puncto
1043 3031 1165 3087 actuato
1184 3024 1317 3089 'habetur

214 3132 371 3218 adaequate
392 3131 565 3197 substantia
586 3132 761 3197 materialis.
814 3132 899 3218 Ergo
921 3143 968 3198 tot
988 3145 1061 3199 runt
1083 3136 1262 3202 substantias
1283 3138 1316 3201 in

213 3244 340 3308 materia
361 3244 517 3322 continua,
541 3243 568 3307 si
590 3244 709 3321 existat,
732 3252 807 3328 quot
830 3252 903 3309 sunt
924 3254 1039 3329 puncta
1060 3247 1162 3326 realia,
1185 3269 1317 3332 quorum

213 3378 310 3419 uuum
324 3378 388 3419 non
404 3356 444 3419 sit
460 3355 583 3419 realiter
598 3354 692 3419 aliud.
1271 3341 1273 3349 ¹

259 3468 309 3532 12.
333 3466 490 3544 Quaeritur
511 3476 605 3544 serto,
627 3476 727 3531 etrum
741 3476 848 3551 portes
868 3469 962 3533 reales
984 3478 1052 3535 nctn
1075 3474 1228 3536 materiam
1249 3493 1317 3536 con·

213 3580 325 3642 tineam
348 3589 548 3662 componentes
570 3580 700 3661 efficient
725 3579 942 3645 multitudinem
963 3582 1071 3646 realem
1096 3591 1175 3663 ncta,
1201 3606 1241 3647 cn
1259 3607 1318 3668 po·

215 3692 318 3754 tentio.

257 3801 439 3887 Respondeo
453 3802 563 3885 primo,
579 3812 724 3887 patronos
739 3802 879 3867 continui
894 3803 1057 3867 materialis
1077 3826 1140 3868 non
1160 3804 1317 3870 admisisse

212 3913 246 3977 in
261 3913 417 3993 continuo,
430 3911 490 3975 nisi
504 3911 735 3977 multitudinem
750 3914 784 3976 in
798 3914 946 3999 potentis.
985 3914 1018 3979 Si
1029 3915 1111 3979 enim
1123 3914 1317 3980 admisissent

211 4024 322 4089 realem
335 4023 569 4089 multitudinem
579 4032 661 4104 actu,
674 4023 853 4089 debuissent
868 4047 980 4111 ponere
995 4025 1075 4090 haue
1086 4025 1317 4092 multitudinem

213 4137 260 4202 vel
274 4146 345 4202 actu
359 4135 490 4214 finitam,
502 4134 550 4200 vel
563 4144 633 4199 actu
645 4135 809 4200 infinitam.
846 4135 918 4200 Non
935 4144 1076 4221 poterant
1088 4144 1190 4201 autem
1205 4159 1317 4222 ponere

214 4247 444 4312 multitudinem
473 4257 544 4310 actu
569 4246 699 4325 finitam,
724 4246 797 4331 quia
822 4246 880 4311 hoc
906 4246 1014 4311 fuisset
1040 4257 1145 4312 contra
1168 4248 1318 4314 rationem

213 4359 351 4424 continui
366 4360 399 4422 in
420 4358 576 4422 infinitum
599 4357 779 4422 divisibilis:
804 4380 860 4423 nec
881 4368 1023 4444 poteraut
1045 4382 1158 4445 ponere
1178 4361 1319 4427 multitu·
