3200 4984
221 354 290 401 car.
308 336 348 419 a]
551 355 593 399 ne
610 353 814 399 anseranum
832 355 1015 400 coruom.
1286 340 1329 405 87

265 521 450 607 Respondeo
464 519 615 606 negative.
662 520 745 587 Nam
767 523 800 585 κ’
815 520 907 587 unica
923 522 1022 585 forma
1044 520 1255 587 substantialis
1275 524 1327 589 dat

221 654 320 695 unum
334 640 438 697 actum
453 630 585 697 essendi.
625 629 687 695 Sed
701 654 785 695 unus
798 640 887 697 actus
901 631 1021 697 essendi
1036 654 1099 697 uon
1113 642 1215 718 potest
1229 634 1327 701 facere

219 744 379 809 materiam
402 766 470 808 esse
491 752 562 809 actu
584 743 774 809 continuam.
818 743 911 829 nego.
957 743 1050 823 Nam,
1072 754 1109 810 ut
1133 747 1261 811 materia
1286 747 1325 813 sit

219 854 367 929 continua
380 855 556 941 requiritur,
577 864 614 920 ut
634 854 746 922 habeat
766 863 882 941 partes,
898 878 1028 943 quarum
1046 880 1109 923 una
1123 880 1186 923 non
1202 858 1242 923 sit
1256 860 1324 925 alia

220 966 303 1030 Sunt
326 988 401 1051 ergo
426 966 459 1031 in
486 966 612 1031 materia
641 967 789 1032 contiuua
817 967 922 1053 plures
947 978 1034 1033 actus
1059 969 1094 1034 in
1119 990 1152 1035 se
1175 970 1323 1036 distincti.

218 1078 303 1163 Ergo
321 1087 395 1142 suut
417 1078 571 1143 distinctae
590 1078 697 1143 forme
718 1078 943 1144 substantiales
989 1082 1025 1144 2ο
1039 1079 1125 1165 prius
1144 1090 1191 1145 est
1205 1081 1324 1167 concipi

218 1198 321 1274 partes
330 1190 364 1253 in
376 1212 410 1255 se
418 1212 495 1269 esse,
504 1212 598 1275 quam
607 1212 674 1255 esse
685 1190 882 1270 coniunctas;
904 1212 1002 1276 quum
1017 1190 1164 1275 coniungi
1179 1200 1324 1277 sequatur

218 1302 348 1381 adesse,
363 1311 395 1366 et
409 1309 565 1386 nequeant
581 1301 729 1385 coniungi
747 1323 816 1386 quie
836 1322 900 1365 nou
921 1310 1005 1366 sunt.
1051 1302 1113 1367 Sed
1126 1312 1228 1388 partes
1242 1304 1275 1369 in
1291 1327 1323 1367 se

217 1435 294 1493 esse,
315 1421 348 1478 et
369 1423 474 1499 partes
494 1412 606 1479 babere
626 1412 661 1477 in
682 1436 716 1477 se
736 1413 867 1479 formam
890 1412 1121 1478 substantialem
1143 1437 1231 1479 suam
1252 1438 1323 1501 pro·

217 1525 325 1610 priam,
349 1535 423 1591 sunt
444 1548 543 1591 uuum
565 1534 598 1589 et
618 1524 710 1590 idern.
754 1525 839 1610 llrgo
855 1526 941 1611 prius
962 1534 1010 1591 est
1031 1526 1151 1611 concipi
1172 1536 1274 1612 partes
1288 1528 1321 1593 in

218 1660 252 1707 se
277 1636 390 1701 habere
413 1660 500 1702 suam
527 1638 656 1702 formam
680 1637 868 1717 distinctam,
894 1660 987 1723 quam
1012 1646 1115 1723 partes
1138 1660 1204 1704 esse
1231 1639 1326 1704 simul
1450 1712 1453 1718 ,

217 1748 408 1815 coniunctas.
451 1749 536 1833 llrgo
559 1750 591 1812 in
617 1747 757 1833 partibus
783 1750 957 1814 coniunctis
982 1750 1151 1815 necessario
1174 1759 1223 1815 tot
1248 1760 1321 1817 sunt

217 1870 304 1926 actus
334 1861 561 1940 substantiales,
591 1869 668 1945 quot
696 1869 817 1947 partes3
853 1872 885 1926 et
917 1862 986 1927 ideo
1020 1863 1147 1927 materia
1175 1864 1322 1929 continua

217 1972 389 2037 necessario
411 1980 562 2051 actuatur,
585 1971 613 2035 si
638 1971 750 2051 existit,
775 1972 918 2058 pluribus
938 1973 1056 2052 formis,
1079 1982 1110 2038 et
1134 1995 1197 2039 non
1220 1975 1321 2039 unica.

218 2086 264 2148 3⁰.
286 2084 436 2148 Praeterea
463 2091 567 2169 partes
600 2082 821 2168 cuiuscumque
853 2084 992 2149 continui
1020 2093 1150 2169 possunt
1179 2088 1321 2170 separari,

218 2195 327 2261 saltem
356 2194 475 2281 aliqua,
501 2202 537 2259 ut
561 2194 589 2258 si
617 2194 799 2259 continuum
829 2193 982 2262 diudatur
1009 2194 1043 2258 iu
1072 2195 1182 2261 medio.
1235 2196 1322 2263 'limo

219 2316 334 2387 autem,
359 2306 408 2375 vel
436 2328 560 2371 necesse
587 2308 646 2373 erit
674 2306 784 2384 dicere,
807 2307 906 2390 perire
935 2306 1149 2387 substantiam,
1175 2330 1212 2372 eo
1239 2310 1323 2393 quod

218 2427 321 2502 partes
341 2417 385 2482 sic
402 2428 549 2502 separate
567 2427 721 2502 nequeant
744 2416 922 2495 subsistere,
936 2416 984 2481 vel
1003 2438 1125 2480 necesse
1139 2416 1198 2480 erit
1212 2417 1321 2497 dicere,

219 2529 349 2596 formam
371 2530 503 2613 priorem
526 2528 635 2614 perire,
657 2536 690 2593 et
712 2526 860 2592 substitui
882 2527 959 2592 duas
980 2526 1105 2606 formas,
1127 2527 1175 2592 vel
1196 2528 1321 2593 tandem

218 2640 379 2704 fatendum
393 2640 451 2704 erit
471 2639 602 2703 formam
623 2636 856 2703 substantialem
875 2658 1000 2701 manere
1020 2646 1085 2701 tam
1101 2638 1135 2701 iu
1155 2660 1218 2702 uua
1234 2647 1322 2723 parte

217 2750 358 2838 quam'in
373 2750 480 2830 altera,
495 2759 528 2814 et
547 2750 617 2815 ideo
634 2749 764 2813 formam
781 2748 878 2812 totius
895 2770 958 2811 nou
973 2748 1067 2813 fuisse
1081 2748 1212 2813 unicam.
1259 2750 1321 2815 Sed

218 2862 383 2927 ridiculum
396 2871 444 2927 est
462 2862 545 2946 (licet
565 2862 598 2926 in
618 2861 752 2947 quodam
774 2883 868 2925 sensu
882 2882 953 2925 vero
968 2859 1084 2925 dictum
1100 2860 1193 2938 fuerit
1207 2884 1226 2927 s
1239 2863 1320 2948 peri·

217 2974 360 3058 pateticis
385 2973 504 3057 agendo
529 2972 569 3037 de
593 2995 683 3058 aqua,
707 2972 792 3057 igue,
814 2994 883 3036 aere
905 2982 937 3035 et
958 2973 1050 3055 terra)
1079 2994 1212 3039 asserere
1236 2974 1319 3061 quod

216 3086 330 3171 peribit
352 3084 533 3151 substantia}
554 3084 632 3149 ratio
656 3084 740 3166 (licet
761 3082 858 3167 possit
880 3083 979 3168 perire
1001 3083 1116 3169 species
1141 3085 1320 3151 substantiae

217 3197 367 3263 naturalis
386 3196 539 3260 resultans
558 3218 599 3259 ex
616 3194 836 3279 compositione
855 3202 886 3259 et
907 3193 1053 3259 mixtione
1075 3195 1273 3281 diversorum)
1293 3199 1320 3263 si

215 3310 399 3375 continuum
413 3307 568 3372 dividatur
581 3307 615 3370 iu
629 3305 739 3371 medio.
785 3304 868 3369 Nam
887 3306 1082 3391 probavimus
1099 3330 1201 3393 supra,
1222 3332 1318 3394 quan-

216 3421 337 3485 titatem
351 3441 415 3485 non·
434 3420 587 3503 pertinere
607 3418 646 3482 ad
668 3418 818 3482 rationem
840 3418 1032 3483 essentialem
1053 3418 1232 3505 substantiae
1255 3445 1317 3487 ma·

215 3532 339 3596 terialis.
386 3530 490 3607 Quare
512 3552 586 3614 ergo
609 3551 673 3593 nou
698 3528 837 3593 manebit
863 3527 1035 3593 substantia
1057 3530 1124 3593 sine
1146 3530 1198 3595 illa
1220 3554 1318 3616 quan·

215 3644 331 3709 titatel
367 3641 541 3707 Praesertim
557 3642 629 3727 quia
643 3641 825 3705 continuum
844 3640 975 3705 divisum
990 3641 1023 3704 in
1038 3642 1139 3706 medio
1154 3642 1240 3707 daret
1255 3644 1316 3709 duo

215 3755 363 3820 continua
370 3780 380 3833 3
403 3762 434 3820 et
457 3754 500 3818 sic
521 3761 690 3817 remaneret
712 3753 745 3815 in
767 3752 907 3836 partibus
929 3752 1125 3832 continuitas,
1148 3777 1241 3839 quam
1263 3757 1316 3821 ad-

215 3867 339 3932 versarii
359 3865 507 3949 exigunt:
529 3865 591 3927 nisi
611 3863 690 3928 forte
711 3863 843 3931 absurde
863 3864 967 3942 velint,
990 3864 1083 3929 etiam
1104 3863 1197 3929 talem
1219 3889 1317 3951 quan·

214 3980 337 4044 titatem
358 3977 498 4042 continui
520 3976 601 4061 exigi
621 3977 654 4040 in
678 3975 860 4055 substantia,
883 3998 923 4040 ue
945 3987 1041 4040 cesset
1063 3976 1207 4042 existere:
1233 3980 1317 4063 quod

214 4099 294 4156 esset
318 4112 433 4176 ponere
458 4088 597 4153 accidens
623 4086 861 4151 determinatum
885 4096 921 4151 ut
944 4086 1104 4151 essentiale
1127 4086 1315 4155 substantiae.

217 4202 373 4280 Similiter,
395 4200 421 4264 si
439 4199 558 4264 dicatur
577 4198 709 4285 priorem
729 4199 859 4263 formam
881 4198 979 4283 perire
999 4208 1030 4263 et
1052 4197 1128 4261 duas
1148 4198 1223 4263 alias
1245 4203 1315 4265 sub-

216 4315 313 4394 stitui,
329 4334 426 4398 quum
441 4311 540 4375 forma
554 4309 765 4375 substantialis
780 4333 859 4374 nova
874 4310 964 4375 faciat
978 4332 1088 4375 novem
1104 4311 1316 4397 substantiam,
