3200 4984
212 416 281 461 oar.
299 397 337 481 1.]
565 419 607 461 nn
623 419 743 463 sarnus
759 420 951 464 courruurs.
1243 401 1306 464 271

212 583 328 649 externi
353 584 467 648 mutari
489 584 702 669 impressiones
727 586 760 650 in
784 607 899 670 organa
923 607 1078 649 sensuum.
1125 584 1208 648 Hinc
1232 606 1308 668 puer

212 695 413 780 apprehendit
435 695 509 780 quid
530 696 569 759 sit
587 698 667 761 intas
680 707 711 761 et
739 708 834 776 ectro,
850 698 932 783 braye
946 706 978 761 et
986 720 1089 781 prope,
1106 698 1173 759 hinc
1186 705 1217 760 et
1231 697 1307 774 inde,

212 830 302 891 supro
323 815 354 871 et
372 808 461 891 iufra,
482 817 550 887 etc,
574 808 730 873 referendo
749 810 853 886 omnia
871 808 912 872 ad
931 809 1074 893 seipsum,
1095 808 1203 871 saltem
1225 829 1308 871 com·

212 918 356 981 munitor.
403 918 531 982 Interim
550 919 638 983 discit
659 928 832 1000 convertere
849 919 1025 983 adverbium
1047 918 1206 983 relativum
1213 941 1309 1003 propa

212 1028 245 1091 in
270 1030 319 1092 bie
342 1028 526 1107 absolutum,
550 1037 581 1092 et
606 1030 765 1094 relativum
792 1032 876 1115 loupe
898 1030 931 1094 in
954 1032 997 1094 ibi
1019 1030 1203 1108 absolutum,
1228 1030 1307 1093 sicut

212 1140 338 1204 docetur
351 1140 445 1225 loqui.
489 1140 625 1205 Tandem
639 1164 694 1225 per
709 1141 944 1206 abstractionem
958 1142 1170 1227 complectitur
1184 1150 1215 1205 et
1227 1144 1269 1205 iti
1276 1149 1308 1205 et

213 1254 260 1316 bic
279 1252 337 1316 sub
357 1253 553 1316 oneratione
569 1255 718 1337 generice,
735 1276 827 1337 quam
845 1255 983 1318 nominat
1000 1256 1059 1333 ubi,
1074 1276 1129 1339 per
1148 1245 1240 1339 quam
1259 1254 1307 1317 in·

213 1372 348 1449 terrogat
374 1364 411 1427 de
437 1386 570 1449 corpore,
585 1364 669 1449 quod
693 1366 791 1429 nescit
814 1374 919 1429 utrum
944 1365 983 1428 sit
1007 1367 1055 1429 bic
1077 1388 1117 1429 an
1140 1368 1193 1430 ibi.
1239 1366 1308 1429 Hoe

213 1484 317 1539 autem
336 1477 386 1539 ubi
405 1484 451 1539 est
472 1484 630 1539 extensum
649 1484 680 1539 et
701 1476 852 1555 sensibile,
868 1476 930 1540 sive
944 1478 1097 1541 contineat
1110 1477 1192 1540 intra
1206 1500 1238 1541 se
1252 1476 1307 1541 ali-

215 1588 291 1672 quid
306 1587 432 1667 visibile,
453 1588 513 1651 sive
533 1610 614 1652 non:
636 1598 668 1653 et
688 1588 756 1653 ideo
777 1589 835 1652 hoc
854 1590 905 1652 ubi
926 1611 1088 1673 puerorum
1107 1597 1154 1652 est
1172 1588 1254 1653 idem
1274 1610 1308 1652 ac

216 1699 304 1763 loeus.
351 1697 478 1777 Quarto,
499 1700 622 1784 cognito
647 1699 722 1777 loco,
739 1700 973 1783 distinguuntur
995 1702 1029 1764 in
1054 1701 1159 1765 eodem
1185 1722 1308 1785 corpore

214 1810 279 1875 loca
294 1811 447 1895 partium;
471 1820 501 1875 et
517 1812 558 1875 sio
572 1812 608 1876 fit
622 1812 769 1875 transitus
783 1811 822 1875 ad
841 1814 892 1875 ubi
911 1812 1101 1896 singularum
1118 1812 1261 1896 partium,
1277 1821 1308 1875 et

213 1922 383 2006 concipitur
396 1922 540 1986 distantia
555 1923 634 1987 inter
648 1932 766 2006 partem
781 1931 812 1986 et
827 1931 944 2007 partem
960 1922 1016 1987 sub
1031 1924 1147 1987 ratione
1161 1924 1205 1987 rei
1222 1947 1307 1987 men-

213 2034 356 2098 surabilis
377 2056 430 2119 per
444 2033 577 2118 aliquem
591 2044 720 2099 motum.
763 2033 883 2111 Quinto
897 2034 1068 2118 concipitur
1083 2034 1228 2097 distantia
1243 2058 1306 2098 me-

213 2146 302 2209 dians
323 2145 404 2210 inter
425 2146 487 2210 duo
507 2168 651 2229 corpora;
675 2154 705 2210 et
728 2146 785 2209 boo
804 2145 851 2210 vel
873 2168 928 2229 per
949 2167 1058 2229 corpus
1080 2145 1253 2209 collocabile
1274 2147 1307 2209 in

214 2256 324 2336 medio,
340 2258 386 2320 vel
402 2279 455 2342 per
469 2267 586 2321 motum
603 2257 658 2341 qui
671 2256 704 2319 in
719 2256 820 2320 medio
834 2256 899 2321 fieri
920 2266 1031 2341 potest,
1047 2265 1082 2321 ut
1102 2264 1147 2320 est
1162 2256 1308 2320 verisimi-

214 2368 292 2434 lius:
315 2376 346 2432 et
368 2369 511 2433 statuitur
533 2370 715 2454 comparatio
737 2370 818 2433 inter
838 2377 988 2453 punctum
1002 2377 1033 2433 et
1046 2378 1197 2453 punctum
1212 2368 1307 2459 medi-

213 2489 285 2545 ante
300 2502 393 2544 vaeuo
410 2481 580 2564 (nonenim
596 2504 673 2565 puer
691 2481 820 2565 percipit
841 2486 942 2545 aerem
964 2480 1189 2563 intermedium)
1214 2489 1245 2543 et
1265 2480 1308 2545 sic

214 2592 407 2677 cognoscitur
427 2593 532 2657 relatio
554 2594 635 2657 inter
656 2596 707 2657 ubi
728 2600 758 2657 ct
780 2595 840 2657 ubi.
886 2592 986 2671 Sexto,
1009 2602 1097 2657 aucta
1118 2601 1215 2672 aetate,
1231 2593 1308 2656 inci-

213 2704 303 2787 piunt
316 2704 382 2768 fieri
407 2705 565 2771 ratiocinia
588 2705 667 2771 circa
690 2706 755 2771 baec
780 2706 892 2783 omnia,
908 2714 939 2769 et
962 2728 1016 2789 per
1037 2704 1271 2770 abstractionem
1289 2729 1307 2769 a

212 2815 374 2896 limitibus,
404 2818 663 2902 compositionem,
692 2818 851 2903 analysim,
881 2825 951 2895 eto,
981 2816 1139 2881 devenitur
1167 2817 1207 2880 ad
1235 2840 1307 2881 con-

213 2937 336 3011 ceptum
357 2928 592 2993 intellectualem
615 2929 705 3014 spatii
727 2930 788 2993 sive
810 2929 928 2993 relativi
949 2928 1011 2993 sive
1032 2928 1174 3017 absoluti,
1189 2952 1307 3013 semper

212 3047 316 3103 tamen
345 3061 415 3103 cum
440 3032 567 3123 vestigio
596 3040 899 3123 repraesentationum
925 3040 1208 3126 phaenomenalium,
1239 3063 1307 3126 quae

213 3150 338 3213 suerrmt
352 3150 485 3233 primum
501 3149 683 3233 cognitionis
697 3151 843 3216 medium.

258 3260 341 3325 Hinc
360 3260 546 3345 cognitiones
570 3261 607 3324 de
624 3261 682 3325 hac
700 3262 827 3325 materia
842 3262 900 3325 hoo
916 3262 1021 3326 ordine
1036 3262 1131 3327 evolvi
1145 3263 1305 3328 videntur:

216 3376 249 3435 1⁰
265 3372 298 3435 in
320 3372 427 3436 ordine
448 3394 524 3457 pure
547 3372 682 3437 sensibili
704 3373 871 3457 percipitur
891 3374 1026 3438 extensio
1047 3383 1194 3454 concreta,
1219 3398 1306 3460 capa·

173 3567 177 3576 Ι
212 3486 297 3565 citas,
313 3484 481 3550 mobilitas:
505 3488 539 3548 2⁰
553 3486 586 3549 in
608 3486 715 3549 ordine
734 3486 830 3549 mixto
844 3509 881 3549 ex
895 3484 1030 3549 sensibili
1044 3495 1075 3549 et
1100 3486 1306 3566 intellectuali,

211 3597 306 3677 locus,
320 3596 386 3677 ubi,
397 3597 538 3676 vacuitas,
555 3596 715 3661 distantia:
739 3619 775 3660 cx
789 3596 901 3680 quibus
914 3600 949 3661 3⁰
963 3596 1002 3660 ad
1016 3596 1154 3661 ordinem
1178 3597 1306 3661 idealem

211 3709 277 3772 fieri
291 3717 392 3793 potest
406 3709 552 3772 transitus
568 3708 691 3773 diversis
706 3708 905 3793 processibus.

255 3824 308 3886 29.
332 3820 486 3897 Quaeritur
506 3820 732 3905 decimoquinto
754 3822 916 3885 cuiusmodi
928 3822 969 3885 sit
983 3822 1159 3884 continuitas
1172 3822 1263 3904 spatii
1277 3830 1306 3885 et

204 3932 277 3997 loci

257 4042 439 4127 Respondeo
461 4044 594 4127 spatium
615 4051 646 4106 et
667 4042 769 4107 locum
791 4065 855 4107 non
876 4042 996 4123 habere,
1011 4042 1072 4106 nisi
1092 4042 1252 4107 virtualem
1274 4052 1305 4107 et

118 4210 122 4216 .
211 4153 409 4242 potentialem
418 4154 671 4233 continuitatem
687 4155 719 4217 in
735 4163 886 4239 quantum
901 4155 1014 4220 scilicet
1028 4154 1162 4240 percurri
1175 4164 1305 4239 possunt

212 4275 298 4331 motu
313 4266 468 4331 continuo.
513 4266 596 4330 Hinc
611 4288 716 4330 eorum
732 4266 917 4331 continuitas
931 4275 977 4331 est
999 4265 1114 4349 aliquid
1135 4265 1196 4329 illis
1217 4268 1304 4330 attri-
1421 4347 1423 4351 Ι

212 4378 322 4443 butum
346 4400 399 4462 per
422 4377 696 4441 denominationem
720 4379 927 4443 extrinsecam.
972 4377 1010 4441 Id
1032 4378 1075 4442 ita
1095 4400 1160 4442 esse
1178 4379 1305 4443 resultat
