3200 4984
226 386 301 431 car.
318 368 393 453 rra]
569 388 612 431 nn
628 388 832 434 sunsrsurra
847 389 1031 433 conrnune.
1134 419 1136 421 v
1266 371 1329 434 215

225 571 281 626 aut
302 562 436 647 perfecte
455 560 555 640 molle,
571 570 625 627 aut
642 562 774 648 perfecte
782 560 966 630 'elasticumz
989 564 1071 628 unde
1086 566 1118 628 in
1134 566 1219 628 omni
1234 563 1331 628 solido

226 682 273 738 est
290 674 402 739 horum
420 673 515 738 trium
535 673 636 759 aliqua
658 674 799 755 mixtura,
816 676 870 740 sed
892 675 1038 740 dicuntur
1061 675 1137 740 dura
1156 675 1204 741 vel
1225 676 1331 740 mollia

224 787 272 851 vel
295 786 428 865 elastica,
447 796 540 871 prout
556 786 659 872 eliqua
678 810 715 851 ex
732 786 781 851 his
800 787 1040 873 proprietatibus
1062 788 1235 853 sensibilius
1253 811 1329 873 prae-

225 897 401 963 dominatur
415 898 449 962 in
464 897 653 983 corporibus.

231 1024 233 1027 ’
272 1004 345 1075 123.
369 1003 547 1075 Elosticitos
569 1012 741 1094 pressioris.
788 1012 863 1076 Haec
892 1012 1055 1076 elasticitas
1085 1012 1204 1077 definiri
1227 1022 1329 1096 potest·

224 1122 269 1186 vis
282 1121 437 1207 repulsiva
456 1122 538 1187 inter
551 1122 732 1187 moleculam
748 1131 780 1187 et
794 1122 986 1201 moleculam,
1002 1126 1167 1191 extrinseca
1176 1125 1328 1207 pressione

217 1243 390 1318 prouocato,
417 1234 547 1299 tendens
574 1235 611 1299 ed
638 1235 872 1299 restaurandum
892 1234 1035 1299 volumen
1060 1236 1194 1319 corperis
1220 1236 1325 1319 pressi.

225 1338 329 1408 Huius
349 1342 522 1431 exemplum
536 1342 664 1411 ¹exhibet
678 1348 732 1431 fig.
749 1349 801 1427 17,
816 1348 850 1411 in
865 1370 927 1432 qua
940 1347 1091 1411 elementa
1106 1349 1137 1411 Α
1152 1356 1183 1411 et
1198 1344 1238 1410 A'
1252 1371 1324 1432 sup-

222 1451 382 1541 ponuntur
405 1458 479 1521 satis
504 1454 626 1521 intensa
648 1457 772 1523 relative
795 1458 928 1524 advises
949 1482 967 1521 r
987 1468 1018 1523 et
1031 1454 1068 1538 ν’,
1083 1468 1119 1523 ut
1133 1459 1251 1543 possint
1265 1458 1326 1523 illae

223 1569 291 1634 duae
313 1556 470 1635 moleculae
491 1570 589 1635 teneri
610 1571 642 1634 in
666 1579 749 1635 statu
770 1570 879 1650 solido,
902 1568 1127 1635 nonobstante
1152 1571 1325 1656 repulsione

222 1680 349 1745 centrali
363 1680 394 1745 R
408 1690 439 1745 et
453 1681 503 1745 R'.
548 1682 641 1745 Ilacta
660 1680 743 1745 enim
763 1680 919 1765 pressione
936 1680 1029 1744 unius
1048 1680 1202 1772 moleculae
1219 1690 1325 1745 contra

221 1792 321 1871 aliam,
338 1792 517 1858 elementer
532 1800 563 1856 et
577 1794 601 1857 ,r
616 1793 715 1877 magis
730 1793 1033 1878 appropinquabunt,
1042 1815 1136 1878 quam
1145 1792 1325 1856 naturaliter

222 1905 362 1985 debeant,
377 1914 408 1969 et
430 1905 498 1969 ideo
521 1904 650 1969 tendent
671 1904 711 1969 ad
724 1904 950 1989 refugiendum,
966 1916 1002 1968 ut
1024 1905 1137 1969 iterum
1161 1927 1193 1968 se
1210 1904 1323 1968 consti·

220 2008 311 2082 tuant
325 2018 358 2081 iu
373 2016 533 2102 aequilibrii
548 2016 701 2080 distantia.
734 2066 738 2074 .

227 2170 230 2175 ·
263 2130 443 2194 Notandum
458 2138 560 2193 autem
575 2138 631 2207 est,
647 2128 731 2214 quod
744 2150 855 2213 eorpus
869 2128 1001 2214 perfecte
1015 2128 1183 2209 elasticum,
1199 2128 1323 2213 siquod

171 2222 178 2233 ⁶
219 2242 337 2321 existat,
354 2241 444 2306 debet
458 2250 529 2326 post
543 2240 798 2325 compressionem
809 2240 907 2305 redire
918 2240 958 2304 ad
965 2242 1110 2306 volumen
1120 2240 1204 2326 quod
1213 2240 1323 2305 habuit

164 2340 166 2343 ⁵
218 2363 290 2418 ante
312 2353 577 2438 compressionem,
591 2362 627 2423 ut
649 2352 758 2418 accidit
780 2352 814 2416 in
832 2353 935 2417 fluidis
949 2352 1172 2417 airiformibus.
1218 2352 1279 2416 Sed
1293 2352 1320 2415 si

218 2486 328 2551 eorpus
339 2488 401 2530 non
414 2466 454 2529 sit
465 2466 595 2550 perfecte
605 2465 773 2545 elasticum,
782 2474 818 2528 ut
827 2464 936 2529 accidit
948 2465 1151 2530 communiter
1159 2466 1191 2528 in
1203 2463 1318 2543 solidis,

218 2586 294 2643 tunc
303 2601 366 2642 non
376 2577 455 2643 redit
464 2577 503 2641 sd
511 2577 676 2662 pristinum
685 2577 898 2657 volumen,sed
907 2577 954 2641 vel
962 2578 998 2641 fit
1008 2578 1134 2641 minoris
1145 2576 1318 2656 voluminis,

217 2677 264 2755 vel
274 2700 374 2755 mutat
385 2690 516 2775 figuram
525 2688 760 2775 aliquantulum,
770 2698 806 2755 ut
818 2712 851 2754 se
860 2690 966 2755 dilatet
977 2714 1014 2755 ex
1023 2713 1086 2755 una
1095 2700 1181 2776 parte
1196 2690 1271 2754 dum
1282 2713 1319 2755 ex

216 2800 311 2865 altera
323 2801 482 2865 minuitur.
520 2799 559 2864 In
568 2800 626 2864 hoc
637 2800 771 2865 secundo
782 2822 855 2865 casu
863 2800 1017 2865 evidenter
1027 2800 1188 2865 moleculae
1195 2809 1319 2865 mutant

142 2936 155 2947 ⁴
217 2913 322 2993 situm,
339 2912 401 2993 sed,
411 2933 475 2977 non
490 2911 642 2977 diminuto
657 2911 822 2991 volumine,
832 2935 895 2977 non
909 2922 1033 2977 mutant
1048 2912 1226 2978 distantiam
1240 2912 1318 2979 rela·.

215 3025 321 3103 tivum,
336 3047 392 3089 nec
407 3024 591 3089 diametrum
605 3023 829 3089 molecularem.
876 3024 948 3103 Sed,
965 3024 990 3088 si
1004 3024 1160 3110 pressione
1174 3024 1316 3089 volumen

215 3138 270 3201 fiat
289 3137 428 3201 absolute
451 3136 564 3216 minus,
578 3152 703 3201 neeesse
717 3146 774 3214 est,
790 3145 826 3200 ut
840 3145 909 3200 turn
924 3137 1072 3201 distentia
1085 3136 1316 3216 molecularum,

214 3255 284 3312 tum
293 3268 398 3311 earum
414 3246 560 3310 diameter
574 3249 740 3310 minuatur.
776 3246 810 3311 si
824 3247 906 3311 enim
921 3256 1067 3311 neutrum
1082 3248 1240 3327 accideret,
1255 3250 1318 3313 evi·

215 3343 324 3423 denter
341 3378 405 3423 non
425 3358 615 3422 minueretur
635 3358 787 3437 volumen,
803 3359 830 3422 si
849 3367 953 3424 autem
973 3382 1072 3423 unum
1087 3356 1235 3425 accideret
1250 3360 1315 3424 sine

213 3471 320 3552 altero,
344 3494 406 3535 non
431 3470 595 3536 haberetur
617 3472 728 3556 corpus
751 3472 784 3534 in
807 3471 930 3535 interno
959 3471 1130 3557 aequilibrio
1141 3498 1152 3551 ς
1187 3449 1260 3557 quia
1286 3473 1315 3560 si

214 3581 380 3662 moleculae,
396 3590 512 3646 servata
526 3581 631 3646 eadem
648 3582 805 3659 diametro,
820 3582 906 3646 adse
921 3594 1031 3647 mutuo
1058 3583 1325 3668 appropinquentj?
1332 3662 1344 3675 ⁴-

214 3694 403 3781 repulsiones
424 3693 642 3779 praevalebunt,
657 3702 694 3757 ut
714 3701 800 3777 patet
822 3716 859 3757 ex
880 3694 1069 3779 inspectione
1089 3696 1196 3779 figurae
1220 3698 1271 3774 17,
1282 3706 1314 3760 et

185 3800 281 3871 ‘idco
311 3806 464 3889 refugient
493 3804 668 3872 moleculoe:
696 3805 723 3869 si
748 3828 818 3870 vero
842 3807 933 3870 etiam
957 3806 1099 3872 diametri
1123 3797 1312 3888 minuantur,

212 3918 325 4003 poterit
347 3916 460 3982 mutari
481 3916 631 3981 resultans
653 3916 809 3981 actionum
831 3917 923 3981 unius
938 3918 1093 3983 moleculae
1106 3919 1140 3982 in
1154 3919 1254 3999 aliam,
1270 3920 1314 3984 ita

211 4039 248 4094 ut
262 4029 355 4094 etiam
369 4028 404 4092 in
417 4028 525 4093 maiori
539 4029 730 4113 proximitate
743 4029 863 4114 possint
877 4030 911 4093 in
925 4030 1096 4115 aequilibrio
1112 4032 1284 4097 consistere.

255 4142 358 4226 Atque
372 4140 445 4204 hinc
460 4139 577 4204 eruitur
591 4141 707 4225 optima
721 4140 828 4225 regula
842 4140 920 4206 circa
935 4151 1077 4207 naturam
1095 4143 1312 4210 molecularum

211 4253 244 4316 in
273 4251 461 4337 corporibus.
513 4251 571 4315 Est
600 4260 702 4316 autern
727 4252 811 4332 haec;
849 4276 971 4337 corporo
1001 4263 1084 4319 tuoto
1107 4256 1313 4341 perfectiorem

211 4366 319 4429 hubent
340 4364 547 4429 elasticitotem
563 4367 735 4447 pressioris,
751 4368 862 4432 coeteris
875 4368 1012 4449 poribus,
1035 4377 1144 4451 quanto
1166 4370 1313 4453 dffm'lior
