3200 4984
318 348 384 411 210
614 369 657 413 nn
674 368 876 413 suasrsurrs
890 368 1070 413 consonus.
1262 347 1352 431 [cen.
1363 366 1418 409 111.

321 534 421 598 adbuc
436 533 476 597 ad
490 534 588 618 magis
611 533 751 599 stabilem
773 536 1035 621 compositionem,
1050 558 1143 621 quam
1158 536 1353 619 consequitur
1367 535 1423 619 per

321 646 527 711 interventum
542 646 672 711 aliarum
686 646 904 712 molecularum
919 647 959 713 ab
972 647 1142 711 extrinseco
1156 649 1325 732 agentium.
1369 700 1373 706 .

364 756 558 822 Combinatio
573 759 711 843 perfecta.
721 768 752 822 et
774 758 893 823 stabilis
910 762 967 841 e'st,
988 758 1112 845 quando
1127 758 1276 824 elementa
1291 758 1422 824 duarum

320 869 367 933 vel
382 870 518 955 plurium
538 869 757 934 molecularum
773 893 806 935 sc
820 870 1063 935 combinantium
1078 881 1151 935 sunt
1165 871 1199 935 in
1213 872 1269 935 tali
1283 874 1423 948 numero,

320 981 497 1045 intensitate
518 1004 553 1045 ac
571 981 776 1066 proportione,
802 991 839 1046 ut
859 1004 895 1045 ex
911 981 950 1045 iis
976 981 1048 1045 solis
1071 981 1144 1046 oriri
1166 984 1273 1066 possit
1290 991 1423 1067 systema

321 1092 502 1157 moleonlare
516 1093 652 1173 unicum,
668 1092 731 1157 sire
745 1092 923 1177 simpliciter
937 1102 1120 1172 centratum,
1131 1093 1307 1178 sive'potios
1318 1092 1424 1157 nucled

320 1212 418 1267 atum.
462 1202 501 1267 In
521 1202 576 1267 toli
595 1226 668 1267 casu
687 1203 867 1288 compositio
885 1203 970 1269 dabit
987 1204 1088 1269 locum
1102 1204 1259 1269 moloculae
1272 1204 1422 1289 perfectae,

321 1323 352 1378 et
367 1314 452 1378 nulla
466 1336 537 1399 pers
551 1316 728 1399 superduet,
740 1338 810 1401 quae
818 1316 954 1401 indigeat
969 1339 1048 1382 novo
1058 1326 1146 1381 motu
1159 1315 1199 1382 ud
1208 1316 1422 1380 inveniendam

320 1425 550 1491 convenientem
571 1427 812 1492 collocationem.
855 1428 938 1493 Talis
955 1438 1001 1492 est
1020 1428 1205 1493 combinatio
1219 1429 1313 1492 unius
1328 1428 1423 1491 mole-

319 1538 395 1602 culae
417 1537 599 1624 bydrogenii
625 1562 693 1603 cum
719 1548 787 1604 octo
811 1540 969 1605 moloculis
992 1541 1134 1626 oxygonii
1163 1539 1204 1605 ad
1232 1539 1423 1605 efficiendam

319 1672 413 1713 unam
428 1650 607 1715 rnoleoulam
622 1674 708 1737 aquae
720 1677 730 1731 3
752 1663 783 1715 et
792 1661 912 1717 constat
927 1676 946 1715 a
959 1652 1127 1736 posteriori,
1137 1652 1210 1737 quia
1224 1674 1303 1737 aqua
1316 1658 1423 1715 manet

321 1784 410 1846 aqua,
426 1772 457 1827 et
471 1785 534 1827 non
549 1762 649 1827 tendit
663 1763 792 1829 ulterius
807 1764 848 1827 ad
861 1786 971 1828 novam
990 1764 1250 1828 constitutionem.
1296 1762 1424 1829 Combi-

320 1873 404 1937 natio
419 1896 491 1957 ergo
506 1874 639 1959 perfecta
653 1882 684 1939 et
707 1874 824 1939 stabilis
839 1874 892 1939 dat
912 1875 1015 1939 locum
1034 1876 1121 1940 novis
1136 1875 1254 1939 naturis
1276 1875 1423 1939 substan·

319 1984 445 2050 tialibus
456 1986 704 2071 permanentibus
713 2012 723 2066 3
741 1997 848 2051 contra
869 2010 941 2051 vero
955 1986 1141 2052 combinatio
1161 1987 1337 2073 imperfecta
1356 2009 1423 2051 non

319 2105 366 2161 cst
387 2097 448 2161 nisi
465 2096 649 2183 principium
670 2108 783 2177 motus,
809 2120 871 2184 quo
896 2099 935 2163 ad
954 2099 1031 2163 tales
1054 2108 1179 2163 naturas
1200 2097 1423 2163 substantiales

318 2208 468 2289 tenditur.
1022 2265 1026 2270 .

365 2324 438 2385 118.
461 2321 651 2386 Affinitatem
681 2320 841 2385 cbimicam
870 2320 985 2385 babent
1013 2321 1157 2407 quaedam
1185 2320 1365 2385 substantiae
1388 2321 1424 2385 in

318 2454 422 2496 earum
438 2441 521 2497 statu
535 2432 701 2511 communi,
717 2439 753 2495 ut
768 2455 796 2497 v.
813 2454 859 2516 gr.
875 2432 965 2495 salet
980 2455 1069 2517 aqua.
1114 2433 1197 2497 Nam
1211 2442 1243 2496 et
1265 2432 1311 2497 sal
1324 2432 1422 2496 trabit

317 2545 351 2607 in
376 2566 409 2608 se
431 2544 657 2622 humiditatem,
677 2553 707 2609 et
729 2566 809 2629 aqua
833 2543 866 2607 in
886 2566 920 2608 se
938 2543 1067 2628 suscipit
1087 2566 1122 2607 ac
1144 2543 1203 2609 sibi
1220 2544 1290 2608 unit
1313 2544 1421 2623 selem,
1532 2582 1534 2589 ι

318 2656 406 2719 illum
427 2656 580 2721 solvendo.
624 2656 744 2741 Aliquae
767 2677 837 2719 vero
857 2655 1036 2720 substantiae
1056 2656 1217 2741 acquirunt
1241 2656 1420 2721 affinitatem

318 2767 376 2832 sub
392 2768 522 2853 quodam
538 2768 658 2833 influxu
669 2766 790 2853 speciali
799 2789 898 2831 causae
907 2767 1092 2831 extrinsece.
1138 2768 1188 2831 Sic
1197 2767 1235 2831 ad
1246 2767 1422 2832 habendam

319 2879 574 2944 combinationem
598 2880 739 2967 oxygenii
762 2901 834 2943 cum
856 2878 1046 2964 hydrogenio
1070 2901 1135 2943 non
1158 2880 1270 2943 sufficit
1294 2880 1422 2944 miscere

319 3012 415 3053 unum
432 3013 503 3055 cum
517 2992 585 3072 alio,
601 2992 633 3056 in
646 2991 747 3056 debita
761 2991 957 3075 proportione
971 2990 1134 3056 voluminis
1147 3014 1176 3055 v.
1192 3014 1239 3076 gr.
1254 2991 1294 3055 ad
1304 2992 1422 3057 haben-

318 3102 388 3165 dum
404 3123 523 3188 aquam,
540 3104 594 3167 sed
602 3104 767 3189 requiritur
784 3103 862 3166 actio
877 3102 1017 3187 quaedam
1032 3112 1169 3181 externe,
1183 3126 1210 3168 v.
1228 3126 1274 3188 gr.
1287 3103 1422 3197 scintilla

317 3212 467 3291 electrica,
482 3235 550 3298 quae
564 3213 670 3277 alteret
688 3224 804 3293 statum
819 3213 881 3277 sive
901 3213 1084 3298 hydrogenii
1103 3213 1166 3278 sive
1188 3214 1342 3299 oxygenii,
1356 3214 1421 3279 sire

318 3324 489 3409 utriusque,
501 3325 541 3389 ad
554 3325 613 3390 hoc
626 3335 663 3390 nt
677 3326 831 3390 evolvatur
846 3325 986 3405 affinitns',
1002 3335 1056 3389 'seu
1065 3324 1306 3410 *susceptibilitas
1325 3325 1420 3389 unius

319 3458 373 3520 per
387 3435 534 3501 alterum:
557 3460 619 3522 qua
633 3436 820 3516 introducta,
834 3436 938 3500 statim
959 3435 1130 3501 actionibus
1150 3436 1267 3500 mutuis
1289 3459 1321 3501 se
1336 3458 1422 3501 eom·

237 3618 240 3625 ,
317 3547 435 3613 binant.
481 3549 568 3613 Idem
584 3550 692 3614 accidit
707 3550 740 3612 in
754 3547 966 3613 combustione
973 3547 1157 3634 hydrogenii
1168 3546 1418 3634 peroxygenium

317 3663 414 3730 airis:
435 3686 498 3727 non
513 3663 596 3727 enim
612 3662 731 3741 sufficit,
747 3662 774 3725 si
788 3661 1012 3747 hydrogenium
1026 3660 1102 3724 fluat
1117 3682 1154 3724 ex
1167 3659 1243 3724 tubo
1257 3660 1290 3723 in
1305 3665 1419 3738 aerem,

318 3782 349 3837 et
364 3773 406 3839 sic
421 3774 584 3838 misceatur
598 3771 768 3859 oxygeni03
780 3771 834 3836 sed
844 3771 1010 3857 requiritur
1020 3792 1111 3835 causa
1121 3770 1327 3835 determinans
1336 3792 1419 3835 com·

162 3894 164 3897 ’
270 3914 272 3919 ’
317 3885 515 3965 binationem,
531 3908 598 3969 quae
613 3894 660 3949 est
673 3884 796 3948 flamma
811 3883 961 3968 applicata
978 3881 1064 3947 tubo.
1107 3882 1149 3947 nt
1163 3882 1312 3967 quamdiu
1327 3882 1420 3947 durat

317 3996 498 4075 combustio,
513 3997 636 4061 damma
656 3996 723 4080 ipsa
742 3995 857 4059 durans
875 4004 921 4059 est
944 4017 1064 4080 semper
1085 4016 1175 4066 causa
1196 3993 1417 4059 combustionis

317 4109 492 4173 immediate
507 4108 671 4193 sequentis,
686 4107 759 4192 quia
773 4106 897 4172 flamma
911 4105 1042 4181 existens
1056 4106 1090 4170 in
1104 4128 1167 4170 uno
1180 4106 1309 4171 instanti
1318 4106 1418 4171 detera

318 4220 415 4283 minet
430 4220 670 4286 combustionem
686 4229 717 4283 ct
731 4218 887 4282 flammam
901 4240 956 4302 pro
971 4217 1100 4282 instanti
1115 4225 1271 4302 sequente.
1443 4210 1451 4221 ⁵

362 4334 433 4393 119.
458 4330 706 4417 Combinationes
725 4330 865 4417 perfectae
885 4340 916 4394 et
930 4329 1115 4413 imperfecta
1129 4341 1260 4414 possunt
1275 4328 1416 4414 pluribus
1522 4368 1525 4373 -
