3200 4984
204 397 277 441 car.
296 379 366 463 111.]
546 401 588 443 nn
605 400 812 447 suusraurra
829 402 1011 447 consonus.
1246 387 1307 449 195

202 564 284 629 bunt
298 589 330 630 se
345 574 455 630 mutuo
469 574 637 650 penetrare.
661 568 754 644 Quod
763 568 844 633 idem
856 569 1020 634 dicendum
1035 578 1082 635 eat
1098 570 1136 635 de
1150 570 1307 635 moleoulis

203 677 363 756 nuoleatis,
379 686 415 742 ut
430 687 524 763 patet.

246 790 340 853 Nota.
386 788 597 854 consideratio
612 791 767 855 actionum
782 792 1012 857 rnolecularium

203 1111 301 1177 valere
322 1120 423 1198 potest
438 1113 477 1177 ad
491 1114 739 1198 respondendum
754 1116 802 1195 iis,
819 1117 873 1201 qui
893 1117 1116 1181 contenderunt
1139 1120 1308 1197 materiam,

203 1224 237 1288 in
252 1224 405 1289 distantiis
424 1226 669 1306 moleeularibus,
685 1249 747 1291 non
762 1251 852 1312 agere
867 1230 900 1291 in
915 1229 1033 1294 ratione
1047 1230 1166 1295 inversa
1180 1231 1309 1316 quadra·

203 1346 305 1401 tarum
328 1337 552 1417 distantiarum,
586 1338 633 1403 vel
659 1362 852 1425 quorumque
875 1342 965 1405 modo
987 1341 1078 1406 aliam
1099 1343 1199 1427 legem
1217 1365 1308 1428 posu·

204 1459 294 1513 erunt
309 1472 365 1534 pro
379 1449 516 1515 minimis
531 1450 696 1531 distantiis,
712 1452 801 1516 aliam
817 1476 874 1537 pro
889 1454 1037 1518 maximis.
1083 1454 1185 1535 Ratio,
1200 1455 1233 1518 in
1248 1478 1310 1540 qua
1394 1451 1396 1454 ’

203 1561 352 1626 fundatur
373 1585 479 1627 eorum
502 1564 663 1643 sententia,
687 1572 734 1628 est
755 1564 913 1629 diversitas
935 1566 1110 1645 effectuum,
1126 1566 1181 1652 qui
1195 1566 1308 1651 produ·

205 1683 318 1738 cuntur
347 1674 380 1737 in
409 1674 535 1739 diversis
564 1675 728 1744 distantiis.
774 1676 985 1742 Consideratio
1018 1688 1120 1743 autern
1153 1680 1310 1744 actionum
1337 1680 1347 1701 ’'

205 1786 416 1871 praedietarum
439 1787 584 1866 ostendit,
607 1787 690 1873 quod
709 1789 741 1852 in
758 1790 879 1873 magnis
899 1790 1053 1854 distantiis
1071 1793 1113 1873 (et
1127 1792 1159 1855 in
1175 1792 1232 1856 hae
1246 1814 1310 1855 ma-

206 1899 282 1963 teria
303 1899 403 1962 omnis
426 1899 571 1964 distantia
594 1900 745 1964 sensibilis
767 1900 827 1965 dici
850 1910 951 1985 potest
973 1906 1109 1987 magna),
1128 1924 1183 1987 pro
1198 1903 1310 1987 quibus

206 2012 288 2085 d÷u
301 2020 332 2075 et
347 2010 609 2075 dsensibilissime
624 2012 806 2097 aequivalent
829 2013 887 2077 sibi
906 2022 1016 2078 mutuo
1035 2016 1118 2096 (nam
1135 2022 1215 2078 aest
1229 2014 1310 2078 latus

205 2122 363 2187 moloculae
387 2124 461 2186 adeo
490 2146 627 2207 parvum,
652 2132 687 2188 ut
716 2123 802 2188 nulla
826 2125 923 2209 possit
952 2125 1137 2209 experientia
1165 2124 1310 2207 definiri),

207 2234 275 2298 duae
290 2234 440 2318 praedictae
458 2234 614 2299 moleoulae
629 2245 727 2319 agunt
741 2237 822 2299 inter
837 2260 869 2300 se
883 2251 1002 2316 mutuo,
1018 2246 1176 2322 tamquam
1191 2236 1218 2300 si
1231 2247 1311 2301 esset

207 2349 300 2426 a=0,
311 2346 344 2411 id
359 2356 414 2425 est,
430 2354 584 2431 tamqnam
598 2348 623 2411 si
638 2348 789 2412 elementa
804 2349 959 2413 moleoulae
973 2350 1135 2434 utriusque
1149 2349 1182 2411 in
1196 2356 1311 2433 puncto

206 2458 387 2523 existerent:
410 2460 443 2521 in
458 2480 519 2542 quo
534 2479 606 2522 casu
621 2459 699 2523 attio
714 2460 808 2523 unius
827 2461 858 2523 in
879 2460 970 2524 aliam
992 2470 1071 2524 esset
1094 2482 1214 2523 summa
1228 2460 1312 2544 alge-

207 2570 291 2635 brica
306 2570 460 2634 actionum
477 2592 493 2633 e
508 2578 612 2633 centro
629 2578 660 2633 et
674 2569 796 2653 angulis
811 2572 1015 2648 manantium,
1031 2571 1063 2634 id
1078 2580 1124 2634 est

705 2683 815 2744 w—8v

744 2781 783 2843 di.

208 2915 263 2977 pro
285 2892 442 2955 moleeulis
464 2891 578 2956 cubicis
600 2893 706 2975 figurae
728 2893 899 2977 propositae.
947 2894 986 2955 In
1010 2893 1147 2957 minimis
1172 2916 1243 2958 vero
1265 2896 1308 2959 di·

210 3004 341 3083 stantiis,
357 3004 429 3088 quia
443 3027 462 3067 a
477 3005 584 3089 nequit
599 3005 715 3089 negligi
731 3005 856 3069 relative
871 3004 950 3083 add,
965 3027 1029 3067 non
1044 3006 1113 3069 lieet
1123 3007 1314 3071 considerare

209 3116 372 3181 moleoulas
387 3126 543 3201 tamquam
558 3117 695 3181 redactas
710 3117 748 3181 ad
762 3126 914 3201 punctum
919 3142 928 3194 ς
947 3126 978 3180 et
992 3118 1071 3181 aetio
1093 3118 1313 3182 elementorum

209 3229 441 3314 repulsivorum,
464 3252 532 3313 quae
556 3228 613 3292 sibi
635 3230 763 3293 invicem
786 3229 885 3313 magis
907 3228 1124 3313 propinquant,
1156 3230 1315 3313 suspendit

210 3340 534 3426 appropinquationem
564 3342 798 3424 praecedentem.
844 3341 982 3424 Apparet
1004 3362 1087 3424 ergo,
1111 3341 1195 3427 quod
1217 3341 1313 3405 diver·

210 3454 284 3517 sitas
306 3452 470 3517 effectuum
492 3451 651 3516 obtinetur
670 3460 734 3515 tam
750 3473 785 3516 ex
799 3452 914 3515 nostris
928 3451 1069 3515 formulis
1083 3475 1138 3536 per
1153 3453 1252 3537 legem
1268 3455 1315 3517 in·
1369 3449 1373 3455 ’

210 3586 327 3629 versam
347 3564 566 3649 quadratarum
596 3563 811 3627 distantiarum
835 3562 982 3641 deductis,
1006 3586 1098 3647 quam
1119 3570 1158 3628 ex
1180 3564 1316 3649 qualibet

211 3674 450 3739 adversariorum
479 3674 651 3759 hypothesi.
700 3674 790 3737 Unde
812 3674 960 3758 sequitur,
984 3697 1035 3738 eos
1057 3674 1178 3738 nullum
1204 3675 1315 3739 habere

211 3788 260 3849 ius
281 3785 416 3868 negandi
438 3784 537 3868 legem
559 3784 712 3848 inversam
734 3785 953 3869 quadratorum
976 3784 1190 3849 distantiarum
1210 3786 1243 3848 in
1259 3788 1315 3850 mi-

212 3898 304 3961 nimis
319 3896 472 3960 distantiis
487 3917 526 3959 ex
542 3918 588 3974 eo,
604 3896 687 3981 quod
701 3896 734 3960 in
755 3896 890 3960 minimis
913 3896 1066 3961 distantiis
1086 3897 1211 3961 effectus
1225 3898 1316 3962 aliam

212 4009 312 4093 legem
332 4016 518 4093 sequantur;
541 4030 649 4091 quum,
670 4009 769 4093 posita
784 4008 852 4092 lege
865 4007 926 4087 illa,
942 4008 1042 4071 adhuc
1056 4008 1182 4073 effeetus
1203 4010 1237 4073 in
1258 4011 1315 4073 mi-

212 4122 305 4184 nimis
320 4120 474 4184 distantiis
493 4119 664 4184 habeantur
685 4120 807 4185 diversi.
852 4119 998 4204 Sequitur
1012 4119 1147 4204 quidem,
1162 4123 1317 4185 moleeulns

213 4255 275 4296 non
291 4255 378 4315 agere
393 4232 425 4294 in
441 4232 559 4295 ratione
578 4233 697 4296 inversa
718 4232 936 4318 quadratarum
957 4231 1182 4309 distantiarum,
1204 4234 1263 4297 nisi
1278 4234 1317 4310 ad

214 4343 370 4407 sensibiles
393 4342 564 4423 distantias,
586 4343 751 4427 inquibus
774 4351 875 4427 potest
896 4345 1027 4427 supponi
1046 4346 1149 4417 o=0;
1174 4345 1316 4410 sedtum

1088 4475 1108 4515 ο
1123 4458 1144 4517 2
