3200 4984
293 362 358 429 248
650 382 693 429 nr
709 382 827 429 amana
843 380 1033 429 conclurus.
1262 359 1349 448 [cnr.
1365 382 1391 425 1.

338 552 389 617 Ad
403 550 566 618 secundam
582 561 700 639 partem
714 552 903 637 probationis
916 550 1094 639 respondeo,
1110 550 1315 616 mensurabile
1329 571 1392 612 nen

295 686 360 729 esse
390 663 640 729 confundendum
658 686 727 729 eum
750 673 957 729 mensurante.
1002 662 1161 748 Quidquid
1183 662 1265 727 enim
1292 662 1332 726 sit
1355 661 1394 725 de

296 786 502 854 mensurante,
514 798 673 861 nunquam
688 776 741 839 fiet
756 776 952 856 mensuratio,
966 776 1024 840 nisi
1037 774 1243 859 mensurabile
1257 775 1297 838 sit
1308 795 1394 837 men·

296 886 437 953 surabile.
481 888 575 973 Ergo,
590 886 875 973 quomodocumque
897 888 1030 972 spatium
1053 897 1256 966 mensuretur,
1276 908 1396 970 semper

297 1000 524 1065 concedendum
539 1009 665 1065 estesse
680 999 814 1085 aliquam
829 1000 997 1064 realitatem
1013 999 1080 1064 eius
1093 998 1177 1084 quod
1191 1008 1394 1063 mensuratur.

298 1112 405 1189 Quaeri
426 1114 518 1177 etiarn
540 1121 642 1197 potest
663 1111 702 1176 ab
724 1111 896 1191 obiiciente,
911 1112 986 1197 quid
1009 1112 1049 1176 sit
1071 1114 1233 1175 mmaurcri
1255 1112 1395 1189 terminis,

299 1225 361 1289 sive
382 1225 522 1310 propriis,
547 1224 609 1288 sive
631 1223 748 1288 alienis.
792 1224 928 1288 Termini
949 1224 1032 1288 enim
1054 1245 1117 1288 non
1139 1230 1318 1285 mensurant
1342 1220 1397 1285 ali-

299 1336 383 1421 quid,
414 1335 467 1400 sed
496 1346 569 1400 sunt
597 1336 782 1422 principium
808 1346 839 1400 et
862 1336 933 1399 fluis
958 1336 1002 1400 rei
1027 1345 1221 1400 mensuratae.
1267 1333 1300 1398 Si
1323 1355 1397 1417 ergo
1490 1408 1497 1415 .

298 1469 408 1533 corpus
431 1448 539 1513 existat
568 1448 602 1512 in
631 1449 739 1533 spatio,
766 1457 796 1512 et
824 1457 988 1527 moveatur,
1013 1446 1238 1512 mensurabitur
1263 1444 1397 1530 spatium

299 1581 476 1643 percursum
504 1560 585 1623 inter
607 1559 773 1623 terminum
797 1582 816 1623 a
839 1582 900 1644 quo
926 1568 957 1623 et
974 1559 1140 1623 terminum
1158 1557 1198 1621 ad
1219 1579 1321 1642 quem,
1345 1555 1398 1620 sed

298 1669 617 1735 eiusmensurabilitas
632 1692 686 1734 seu
694 1669 932 1755 percurribilitas
947 1679 993 1734 est
1002 1669 1209 1754 independens
1218 1668 1394 1733 aterminis.

341 1779 395 1844 Ad
416 1780 538 1844 tertiam
560 1789 677 1865 partem
700 1780 880 1865 respondeo,
902 1780 1088 1865 impossibile
1109 1802 1185 1858 esse,
1208 1779 1342 1864 spatium
1361 1802 1398 1843 ex

298 1891 396 1956 nihilo
410 1891 475 1956 fieri
498 1891 614 1977 aliquid
635 1892 715 1956 reale
730 1914 784 1977 per
799 1893 993 1977 praesentiam
1009 1893 1161 1978 corporis:
1183 1900 1214 1957 et
1229 1892 1273 1956 sic
1286 1891 1398 1955 salsum

300 2015 346 2069 est
366 2004 431 2068 eius
453 2014 656 2088 assumptum.
702 2004 868 2069 Praesentia
893 2006 1027 2089 eorporis
1052 2004 1125 2069 facit
1151 2004 1283 2089 spatium
1308 2026 1398 2067 occu-

300 2126 417 2202 patum,
437 2138 500 2180 non
518 2125 621 2180 autem
639 2116 832 2201 occupabile:
856 2115 943 2179 nullo
964 2126 1067 2180 autem
1088 2115 1181 2180 modo
1202 2124 1400 2200 occuparetur

300 2229 422 2292 realiter
439 2229 572 2313 spatium
588 2252 605 2291 a
620 2250 754 2313 corpore,
770 2228 830 2292 nisi
852 2238 923 2291 aute
938 2228 1168 2314 occupationem
1186 2235 1265 2291 esset
1280 2227 1400 2291 realiter

300 2340 486 2426 occupabile.
535 2339 597 2403 Sed
619 2340 657 2403 de
678 2340 727 2403 his
749 2339 893 2404 omnibus
915 2340 1022 2404 clarior
1048 2340 1158 2404 notitia
1182 2339 1340 2403 haurietur
1364 2362 1400 2403 ex

301 2451 508 2537 sequentibus.

345 2566 376 2627 8.
400 2562 557 2639 Quaeritur
578 2563 678 2642 tertio,
694 2585 734 2626 on
755 2566 884 2646 spatium
898 2586 1019 2627 numum
1041 2563 1170 2627 absolute
1184 2572 1214 2627 et
1230 2566 1263 2627 in
1275 2586 1306 2627 ae
1319 2586 1401 2647 apec-

301 2684 394 2740 tctum
407 2678 448 2740 ait
461 2677 584 2741 realiter
598 2684 707 2741 creata.

345 2788 527 2872 Respondeo
553 2788 703 2871 negative.
750 2788 832 2851 Nam
859 2790 901 2850 1⁰.
924 2787 1054 2851 Actuale
1077 2810 1203 2852 vacuum
1231 2788 1311 2852 inter
1339 2788 1402 2853 duo

303 2910 402 2963 creata
425 2899 499 2965 dicit
523 2899 672 2964 actualem
694 2900 889 2983 negationem
910 2909 1056 2964 creaturae
1076 2901 1108 2963 in
1131 2901 1261 2984 seipso.
1304 2901 1403 2985 Atqui

303 3010 413 3074 creatio
427 3012 535 3096 nequit
550 3012 707 3075 terminari
721 3011 761 3074 ad
774 3012 969 3095 negationem
984 3021 1140 3077 creaturae.
1185 3011 1268 3096 Ergo
1290 3013 1402 3076 creatio

303 3122 411 3206 nequit
444 3123 602 3187 terminari
631 3122 670 3187 ad
706 3145 847 3187 vacuum.
905 3126 941 3188 2⁰
974 3123 1113 3187 Vacuum
1142 3133 1189 3188 est
1217 3123 1403 3209 possibilitas

306 3233 515 3297 ubicatiouum
531 3242 699 3297 creatarum
715 3234 852 3298 realium.
896 3234 993 3319 Atqui
1008 3235 1224 3320 possibilitates
1237 3235 1315 3299 nibil
1326 3222 1404 3299 'sunt

305 3344 384 3407 reale
409 3354 492 3407 extra
518 3343 638 3408 Deum:
666 3367 739 3429 ergo
762 3353 828 3409 tota
851 3345 971 3410 realitas
994 3346 1085 3431 spatii
1105 3347 1193 3411 vacui
1214 3356 1261 3411 est
1283 3347 1315 3410 iu
1339 3346 1404 3411 solo

305 3455 392 3519 Deo:
416 3466 446 3519 et
462 3456 504 3520 sic
519 3455 639 3520 realitas
662 3456 752 3541 spatii
767 3456 853 3520 vacui
868 3455 1006 3521 absolute
1023 3458 1150 3543 spectati
1164 3467 1211 3522 est
1225 3459 1358 3523 increata
1371 3470 1404 3523 et
1490 3509 1494 3515 .

306 3567 484 3633 increabilis.
515 3567 710 3632 Advertenda
724 3577 828 3633 tamen
843 3577 890 3632 est
905 3567 1137 3653 diligentissime
1151 3570 1295 3649 conditio,
1311 3593 1405 3656 quam

306 3682 464 3765 posuimus
480 3679 608 3746 dicendo
623 3702 751 3746 vacuum
774 3684 806 3743 in
819 3703 850 3743 ae
864 3689 895 3744 et
911 3682 1041 3744 absolute
1056 3691 1235 3765 spectatum.
1281 3683 1362 3747 Nam
1378 3684 1406 3746 si

306 3793 391 3857 fieret
420 3792 568 3857 transitus
593 3816 611 3855 a
634 3814 728 3856 vacuo
752 3790 891 3856 absoluto
915 3792 954 3856 ad
976 3770 1104 3856 vacuum
1131 3793 1300 3874 relativum,
1326 3778 1405 3858 esset

309 3903 487 3989 simpliciter
515 3904 591 3967 falsa
619 3904 795 3988 propositio.
856 3904 995 3967 Vacuum
1028 3904 1110 3966 enim
1139 3903 1298 3969 relativum
1327 3905 1406 3969 nibil

309 4016 393 4080 aliud
408 4025 454 4080 est
469 4016 528 4079 nisi
548 4016 654 4079 relatio
676 4014 877 4078 terminorum
899 4015 1093 4079 existentium
1109 4016 1142 4079 in
1157 4039 1271 4081 vacuo:
1294 4027 1325 4081 et
1339 4018 1407 4082 haec

306 4134 355 4191 est
370 4126 546 4211 simpliciter
561 4126 677 4211 aliquid
691 4134 835 4204 creatum,
851 4135 887 4189 ut
902 4127 1059 4210 apparebit
1072 4150 1108 4191 ex
1123 4127 1202 4192 infra
1216 4129 1362 4195 dicendis.

353 4242 384 4302 9.
408 4236 564 4313 Quaeritur
593 4247 711 4323 quarto,
742 4238 816 4322 qnid
841 4239 882 4302 sit
910 4261 1031 4303 vamum
1059 4240 1224 4305 absolutum
1252 4244 1284 4305 in
1311 4244 1407 4327 seipso

308 4357 478 4433 spectatum.
