3200 4984
286 351 330 414 40
713 373 755 416 na
774 373 958 417 raruorrus
1234 349 1318 433 [car.
1335 369 1390 412 111.

288 535 388 622 quoad
403 537 461 602 boc
476 537 557 624 quod
573 546 675 603 essent
690 539 723 603 iu
739 562 771 604 se
787 539 998 618 subsistentes,
1013 537 1068 602 sed
1082 545 1205 602 tanturn
1220 533 1321 620 quoad
1329 532 1389 597 boc

288 649 371 732 quod
396 659 498 734 partes
521 650 581 715 illae
607 651 824 716 substantiales
848 673 912 739 nou
938 650 1106 736 gauderent
1127 648 1260 734 amplius
1281 646 1390 710 iisdem

287 761 534 846 proprietatibus,
550 763 663 848 quibua
677 763 773 848 prius.
819 762 925 841 Quum
950 771 1052 828 autem
1076 761 1146 825 fons
1169 758 1391 845 proprietatum

289 895 353 938 non
379 873 419 938 sit
446 874 545 940 solum
571 897 637 940 esse
661 876 694 941 in
719 899 761 955 se,
782 875 837 940 sed
861 867 927 940 esse
950 897 1005 961 per
1029 874 1108 939 vires
1137 880 1260 937 mutuas
1288 868 1392 933 taliter

288 983 499 1050 coordinatum
516 985 631 1070 (agitur
645 987 728 1051 enim
744 986 782 1051 de
801 986 898 1072 ligno,
914 986 997 1071 quod
1014 985 1107 1050 babet
1124 1007 1211 1049 suam
1229 981 1389 1067 specialem

289 1096 539 1180 compositionem
554 1106 585 1162 et
600 1098 860 1164 coordinationem
874 1099 1021 1184 partium)
1025 1147 1035 1178 ,
1052 1097 1199 1163 dixissent
1213 1117 1277 1160 non
1291 1093 1391 1178 perire

290 1204 504 1288 substantiam,
515 1230 568 1273 seu
578 1231 638 1274 case
653 1212 684 1274 in
697 1232 738 1288 ae,
754 1209 807 1274 sed
822 1211 921 1295 perire
934 1219 1072 1275 wicram
1080 1236 1090 1289 3
1113 1208 1207 1273 idest
1221 1207 1263 1286 id,
1279 1229 1315 1270 ex
1329 1227 1390 1290 qno

289 1315 368 1400 ligni
377 1319 576 1403 proprietates
585 1328 723 1399 manant,
732 1329 889 1406 tamquam
899 1343 935 1385 ex
944 1320 1094 1407 principio
1108 1318 1227 1384 formali
1242 1318 1390 1403 proximo.

290 1428 365 1492 Haec
387 1436 490 1494 tamen
505 1430 544 1495 ob
559 1431 769 1516 proeiudicium
790 1433 874 1517 quod
890 1432 961 1512 dixi,
976 1455 1039 1496 non
1061 1437 1269 1516 agnoverunt3
1291 1437 1323 1494 et
1348 1429 1391 1492 sic

288 1549 399 1624 praeter
413 1541 528 1607 formas
543 1543 796 1637 dantesprimum
811 1567 877 1608 esse
892 1544 1079 1629 simpliciter,
1095 1564 1150 1607 seu
1165 1540 1390 1620 substantiales,

288 1673 352 1715 non
361 1651 435 1717 alias
446 1653 558 1719 formas
569 1653 759 1720 admiserunt
770 1656 831 1720 nisi
843 1656 1055 1721 accidentales.
1098 1655 1140 1719 llt
1150 1656 1210 1719 hoc
1220 1653 1391 1739 probabant

288 1763 331 1827 sic
354 1763 581 1832 ratiocinando:
606 1766 739 1844 Quando
761 1791 810 1832 res
825 1767 918 1833 babet
933 1769 1067 1854 primum
1087 1790 1162 1848 esse,
1178 1766 1278 1831 omnis
1293 1765 1392 1829 forma

289 1876 505 1958 superveniens
527 1900 590 1943 non
613 1879 666 1944 dat
687 1878 733 1944 illi
754 1903 820 1945 esse
842 1879 1029 1965 simpliciter,
1056 1879 1111 1944 sed
1131 1902 1197 1944 esse
1223 1876 1392 1942 secundum

290 1987 375 2071 quid,
390 1987 485 2053 idest
500 1991 567 2053 tole.
616 1989 676 2054 Sed
694 1992 754 2055 tale
772 1990 888 2056 indicat
905 1991 1094 2076 qualitatem,
1110 2013 1179 2076 quae
1192 1997 1239 2054 est
1253 1988 1393 2053 accidens

290 2097 489 2178 substautiae;
517 2123 589 2186 ergo
614 2101 712 2166 forma
738 2103 881 2188 quaelibet
906 2104 1122 2188 superveniens
1148 2102 1200 2166 dat
1223 2124 1289 2166 esse
1314 2099 1392 2164 acci·

290 2210 411 2276 dentale
419 2238 429 2292 3
452 2220 483 2276 et
498 2201 567 2277 ideo
581 2221 627 2278 est
643 2213 740 2278 forma
755 2214 960 2279 accidentalis.
1005 2215 1099 2292 Quod
1112 2222 1329 2300 argumentum
1343 2220 1391 2276 est

285 2321 459 2389 illusorium
491 2334 616 2418 propter
648 2326 919 2411 aequivocationem
952 2323 1115 2412 duplicem.
1175 2326 1289 2406 Primo,
1319 2325 1392 2410 quia

282 2439 412 2522 primm
432 2459 502 2519 esse,
519 2460 573 2503 seu
591 2461 656 2502 ease
677 2438 865 2523 simpliciter,
880 2439 986 2502 referri
1006 2447 1107 2523 potest
1122 2439 1252 2518 adrem,
1268 2461 1322 2502 seu
1336 2460 1391 2502 ens

287 2550 321 2613 in
336 2572 368 2614 se
384 2549 562 2629 subsistens,
578 2559 609 2614 et
630 2550 800 2633 significare
809 2553 941 2634 primram
955 2572 1017 2615 eoae
1030 2552 1210 2628 mittentia,
1225 2549 1273 2614 vel
1289 2557 1392 2634 potest

285 2661 391 2724 referri
416 2660 456 2726 ad
481 2684 555 2740 rem,
575 2683 629 2725 seu
654 2672 796 2726 naturam
824 2663 1024 2746 compositam
1052 2685 1088 2726 ex
1113 2661 1272 2726 elementis
1298 2660 1331 2722 in
1357 2682 1390 2722 se

286 2771 534 2852 subsistentibus,
564 2781 595 2836 et
624 2773 796 2858 significare
820 2775 951 2857 prime
978 2797 1040 2838 care
1067 2782 1181 2838 notare
1214 2774 1387 2838 constitutae.

291 2883 374 2946 Hinc
400 2882 512 2968 duplex
537 2892 584 2949 est
609 2885 701 2948 etiam
723 2884 823 2948 torma
842 2906 899 2969 pro
921 2885 1036 2970 duplici
1063 2885 1283 2969 significatione
1304 2906 1392 2948 voca·

288 2993 443 3075 bulorum,
474 3018 537 3059 una
574 2995 695 3080 proprie
732 2994 953 3076 substantialis,
982 2996 1041 3060 alia
1076 2997 1198 3081 proprie
1233 2994 1391 3060 naturalis.

292 3105 442 3184 Secundo,
459 3107 530 3191 quia
545 3128 606 3171 ease
621 3108 681 3171 tole
695 3107 741 3171 vel
756 3108 939 3192 praedicatur
953 3109 986 3172 in
1001 3109 1087 3192 quale
1100 3109 1281 3196 sinpliciter,
1296 3107 1344 3172 vel
1358 3108 1391 3170 in

290 3219 376 3302 quale
398 3219 478 3301 quid,
503 3218 601 3282 idest
621 3219 654 3282 in
674 3219 763 3303 quale
782 3219 952 3302 essentiale.
999 3220 1048 3284 Sic
1070 3219 1241 3284 differentia
1255 3217 1394 3304 specifica

292 3329 438 3394 definitur
453 3351 551 3394 unum
566 3330 686 3416 aliquod
700 3340 808 3417 aptum
822 3331 921 3396 inesse
936 3331 1051 3411 multis,
1064 3339 1095 3396 et
1109 3332 1264 3417 praedicari
1279 3333 1317 3396 de
1332 3332 1393 3396 illis

293 3442 326 3505 in
352 3443 442 3526 quale
463 3442 548 3528 quid.
594 3441 695 3508 Nemo
718 3454 820 3509 tamen
844 3444 970 3529 negabit
993 3443 1194 3508 differentiam
1222 3446 1392 3531 specificam

291 3555 442 3639 pertinere
466 3555 505 3619 ad
530 3557 728 3622 constitutiva
748 3557 921 3621 essentialia
943 3557 996 3636 rei,
1016 3579 1072 3620 nec
1095 3557 1258 3643 quisquam
1280 3568 1393 3622 asseret

293 3666 495 3731 differentiam
515 3667 684 3752 specificam
707 3690 772 3733 esse
794 3668 933 3732 accidens
956 3668 1143 3733 substantiae.
1196 3669 1298 3733 Datur
1320 3691 1393 3754 ergo

292 3777 409 3865 aliquid
425 3779 486 3844 tale
505 3780 716 3867 essentialiter,
731 3788 762 3844 et
777 3779 893 3865 aliquid
909 3779 970 3844 tale
989 3780 1226 3847 accidentaliter.
1268 3781 1310 3844 llt
1325 3781 1394 3846 ideo

293 3913 330 3955 ex
349 3915 385 3956 eo
406 3890 490 3977 quod
504 3891 602 3956 forma
622 3891 762 3977 quaedam
784 3891 1002 3976 superveniens
1021 3892 1087 3956 enti
1108 3890 1235 3956 babenti
1257 3893 1392 3978 primum

293 4027 358 4068 esse
374 4003 553 4068 substantiae
567 4011 699 4089 nequeat
712 4003 759 4066 illi
772 4003 844 4068 dare
858 4003 917 4067 nisi
932 4026 998 4069 esse
1012 4003 1082 4082 tale,
1094 4026 1157 4067 non
1172 4004 1311 4090 sequitur
1325 4027 1393 4070 eam

291 4116 421 4181 formam
437 4139 502 4180 esse
517 4114 742 4179 accidentalem.

337 4232 390 4293 42.
415 4228 492 4305 Quae
506 4251 555 4293 res
573 4237 609 4292 ut
629 4228 740 4292 clarius
755 4227 965 4313 perspiciatur,
981 4237 1051 4293 utar
1066 4230 1214 4315 exemplo.
1260 4231 1393 4313 Quando

292 4342 457 4428 quaerimus
471 4341 599 4405 formam
616 4339 843 4405 constitutivam
859 4340 939 4405 datae
954 4340 1133 4406 substantiae
1140 4344 1298 4424 naturalis,
1308 4369 1336 4410 v.
1347 4370 1394 4432 gr.
