3200 4984
265 388 331 453 298
628 406 671 449 ne
687 404 810 447 rursus
825 402 1017 445 courruurs.
1208 379 1292 463 [οιι.
1309 394 1366 437 ιιι.

267 575 386 641 actibus
400 573 604 639 inlinitesimae
618 573 741 637 virtutis
754 570 972 657 aequivalentis,
988 592 1024 634 eo
1043 570 1135 634 modo
1150 590 1211 655 quo
1234 566 1367 632 deelara-

267 688 369 753 bimus
384 686 473 767 infra,
488 686 643 772 loquendo
658 685 696 749 de
711 670 798 748 motii
812 683 911 747 locali.

311 800 444 877 Quando
474 798 630 884 quantitas
655 796 778 863 virtutis
801 792 980 881 exprimitur
1009 815 1148 871 numero,
1173 798 1371 855 mensuratur

268 914 365 998 gradu
394 912 526 999 quodam
557 911 678 975 virtutis
707 917 865 993 assumpto
894 906 1052 972 arbitraria
1079 928 1135 990 pro
1160 905 1287 982 unitate,
1314 903 1370 987 qui

268 1024 380 1091 dicitur
393 1024 496 1089 unitas
510 1024 705 1087 intensitatis.
751 1022 813 1085 Hic
827 1043 974 1085 numerus
994 1040 1057 1083 non
1075 1026 1121 1083 est
1139 1018 1288 1081 discretus
1309 1013 1371 1078 nisi

269 1136 447 1215 virtualiter,
471 1158 567 1220 quum
590 1134 703 1217 gradus
725 1133 849 1197 virtutis
869 1154 933 1195 non
955 1131 1016 1194 nisi
1038 1128 1206 1194 virtualiter
1231 1127 1311 1216 inter
1335 1148 1371 1189 se

269 1248 516 1332 distinguantur:
539 1246 642 1310 unitas
666 1254 768 1311 autem
794 1244 935 1308 absoluta
962 1240 1158 1320 intensitatis,
1182 1262 1244 1325 qua
1269 1238 1371 1302 omnis

270 1360 431 1425 intensitas
446 1358 617 1423 mensurari
631 1357 776 1443 postulet,
791 1355 878 1420 nulla
890 1364 948 1434 est,
964 1363 1000 1418 ut
1014 1362 1110 1440 patet.

628 1636 815 1680 Aarlcouus
831 1634 1012 1678 sncurvnus.

509 1771 557 1833 De
571 1770 601 1832 vi
614 1771 733 1849 motiva,
748 1778 782 1835 nt
796 1769 919 1833 serrendo
929 1766 1145 1852 partierpubili.

313 1910 366 1973 60.
389 1906 462 1971 Vim
477 1906 621 1971 motivam
643 1906 775 1970 secundo
794 1906 979 1991 participari,
1000 1905 1152 1989 significat
1166 1904 1227 1968 vim
1242 1912 1373 1968 creatam

271 2018 502 2083 substantialem
526 2018 684 2083 terminari
706 2018 745 2081 ad
767 2018 937 2103 potentiam
960 2016 1111 2102 passivam
1134 2015 1266 2095 mobilis,
1288 2016 1374 2079 etin

270 2132 322 2196 illa
339 2130 441 2215 recipi.
488 2130 621 2195 Retento
641 2110 747 2193 eodem
770 2130 877 2193 ordine
899 2130 1104 2214 quaestionum
1119 2151 1154 2193 ac
1168 2152 1270 2214 supra,
1289 2151 1374 2215 quae·

269 2242 348 2307 ritur
366 2242 416 2305 bic
437 2241 546 2326 primo,
567 2263 607 2305 aa
625 2242 722 2305 virtus
744 2243 854 2305 motiva
877 2249 975 2304 creato
992 2242 1092 2324 primo
1109 2243 1376 2325 participatam

269 2356 481 2433 substantialis,
497 2355 602 2418 babeat
610 2353 863 2438 potentialitatem
877 2355 1073 2418 intrinsecam.

315 2466 515 2550 Respondeo:
539 2465 677 2552 quamvis
700 2465 810 2529 habeat
835 2465 1032 2529 intrinsecam
1057 2465 1313 2549 potentialitatem
1338 2474 1375 2529 ut

271 2578 447 2663 dependens
471 2587 518 2642 eat
542 2600 560 2641 a
582 2578 660 2658 Deo,
687 2578 742 2660 qui
767 2578 877 2661 ipsam,
893 2577 1095 2642 substantiam
1120 2578 1165 2642 rei
1189 2586 1296 2643 crmtae
1318 2600 1376 2662 pro

270 2690 369 2755 lubito
395 2690 558 2755 immutare
586 2698 698 2774 potest,
724 2698 820 2753 etex
845 2668 1189 2775 articulo’praecedente
1218 2691 1375 2774 sequitur3

270 2802 388 2869 nullam
408 2812 512 2867 tamen
533 2802 625 2867 babet
645 2802 900 2886 potentialitatem
921 2801 1117 2867 intrinsecam
1137 2802 1322 2887 pendentem
1336 2802 1375 2867 ab

270 2914 390 2983 influxu
409 2937 568 2981 causarum
590 2915 804 2993 secundarum,
825 2938 957 2999 quarum
970 2915 1056 2979 nulla
1069 2924 1170 2999 potest
1184 2915 1283 2999 ipsam
1304 2914 1376 2978 sub-

272 3026 417 3089 stantiam
449 3027 613 3091 intrinseee
646 3028 821 3091 immutare.
864 3027 907 3091 Et
938 3028 1154 3106 confir-matun
1177 3050 1249 3091 num
1278 3026 1376 3091 virtus

273 3136 396 3215 motiva,
410 3146 444 3202 ut
457 3139 510 3216 sic,
525 3146 572 3203 est
589 3138 704 3223 aliquid
724 3139 868 3218 activum,
889 3160 954 3202 non
973 3139 1146 3223 passivum:
1168 3138 1251 3224 quod
1271 3146 1375 3202 autem

273 3238 336 3312 non
351 3248 476 3332 patitur,
492 3248 571 3313 illud
584 3272 647 3315 non
661 3249 755 3314 babet
773 3250 1031 3335 potentialitatem
1053 3251 1259 3329 intrinsecam,
1278 3273 1375 3336 quum

274 3359 353 3424 nihil
368 3360 531 3425 intrinsece
545 3361 708 3445 recipiatur
722 3362 788 3427 siue
801 3363 943 3448 passione
962 3363 1144 3448 recipientis.
1189 3364 1305 3427 Verum
1319 3373 1377 3441 est,

273 3473 306 3536 in
321 3472 407 3537 omni
420 3482 559 3537 creatura
573 3496 638 3537 esse
652 3473 784 3559 aliquam
799 3475 892 3539 etiam
911 3475 1138 3559 passivitatem3
1162 3476 1215 3539 sed
1229 3475 1378 3560 perhanc

274 3586 371 3649 virtus
386 3586 483 3649 activa
497 3594 533 3651 ut
549 3584 646 3651 activa
659 3608 723 3649 non
744 3588 961 3651 constituitur:
983 3596 1014 3651 et
1029 3587 1108 3667 ideo,
1123 3588 1262 3673 quamvis
1276 3609 1377 3665 causa,

275 3696 471 3767 materialiter
503 3706 627 3783 sumpta
662 3720 716 3782 pro
745 3707 817 3763 ente
849 3708 1004 3779 causante,
1036 3698 1147 3763 habeat
1180 3699 1377 3763 intrinsecam
1454 3718 1459 3722 ⁴

275 3810 454 3873 mutationis
474 3788 739 3895 potentialitatem,
761 3824 866 3875 tamen
880 3811 1047 3876 formaliter
1066 3820 1189 3897 sumpta
1209 3812 1377 3876 secundum

274 3920 483 3984 efficacitatem
498 3920 619 3985 virtutis
639 3922 798 3987 causativas
817 3922 935 3985 nullam
955 3923 1104 3987 eiusmodi
1123 3922 1378 4007 potentialitatem

274 4032 377 4097 habet.
425 4033 475 4097 Sic
489 4033 522 4097 in
537 4032 689 4099 elemento
704 4033 838 4097 materiae
852 4046 899 4097 est
913 4033 1038 4119 quidem
1057 4035 1217 4119 passivitas
1231 4043 1345 4112 motus,
1360 4057 1380 4097 a

274 4166 336 4229 qua
356 4144 571 4209 denominatur
590 4145 720 4209 mobile:
743 4146 797 4211 sed
816 4144 881 4209 haec
898 4146 1069 4231 passivitas,
1084 4147 1156 4211 licet
1175 4147 1325 4231 compleat
1345 4147 1379 4210 in

275 4279 330 4319 suo
345 4278 410 4319 esse
425 4255 628 4321 substantiam
648 4258 800 4337 elementi,
816 4267 847 4321 et
861 4281 916 4343 per
930 4258 988 4323 boc
1002 4258 1197 4323 materialiter
1219 4268 1381 4323 concurrat

275 4366 314 4426 ad
334 4365 578 4430 constituendam
600 4368 661 4431 vim
682 4369 880 4447 causativam,
900 4392 962 4433 non
982 4379 1086 4434 tamen
1107 4378 1153 4434 est
1172 4369 1380 4455 potentialitas
