3200 4984
209 383 278 431 can.
296 364 334 447 a]
573 383 614 425 nn
632 383 751 427 narnus
767 383 960 427 concinnis.
1217 398 1220 403 ·
1247 363 1310 427 247

208 551 334 614 materia
362 548 517 626 continua,
549 559 684 614 maneret
721 550 877 628 abstantia,
915 548 1038 613 etiamsi
1069 546 1203 633 spatium
1231 546 1312 611 inter

207 671 341 727 extrema
369 670 449 725 esset
482 660 619 745 plenum.
674 660 736 725 Sed
765 661 978 739 nihilominus,
1008 659 1036 725 si
1064 658 1198 744 spatium
1231 658 1312 723 inter

207 783 357 838 extremos
382 773 529 836 terminos
550 773 590 836 sit
607 795 745 852 vacuum,
775 771 908 836 inanebit
923 772 1029 836 eodem
1044 770 1135 835 modo
1149 769 1310 834 distantia:

208 909 275 970 quae
290 895 394 951 tamen
408 908 472 949 non
488 896 633 963 maneret,
649 886 674 949 si
690 907 818 949 vacuum
834 892 913 948 esset
928 905 1040 967 purum
1055 882 1197 945 nihilum.
1228 881 1311 945 Hinc

207 1007 341 1082 apparet,
358 998 442 1083 quod
471 1020 531 1061 ease
546 998 668 1081 plenum
683 1006 728 1061 est
744 996 862 1081 aliquid
881 1017 937 1080 per
950 993 1088 1059 accidens
1102 995 1136 1057 in
1151 993 1257 1059 ordine
1271 991 1311 1056 ad

207 1110 381 1175 distantiam
392 1135 402 1187 3
424 1120 456 1173 et
478 1108 567 1187 ideo,¹
583 1108 653 1172 licet
678 1118 901 1193 supponeretur
929 1108 1064 1193 spatium
1086 1106 1223 1191 plenum,
1246 1127 1310 1169 non
1391 1167 1393 1171 Α

206 1232 310 1286 tamen
325 1231 361 1287 ut
375 1221 502 1306 plenum
522 1220 663 1285 fundaret
684 1221 862 1285 relationem
884 1218 1048 1299 distantiae,
1064 1217 1118 1283 scd
1132 1218 1309 1303 simpliciter

206 1345 242 1397 ut
262 1334 421 1398 secludens
444 1343 618 1397 contactum
642 1332 766 1396 termini
781 1355 853 1395 cum
867 1332 1000 1397 termino
1013 1340 1045 1396 et
1060 1339 1197 1396 statuens
1210 1330 1307 1416 possi·

206 1445 356 1509 bilitatem
372 1455 474 1511 motus
489 1447 569 1509 inter
584 1455 757 1529 utrumque

251 1563 280 1624 7.
309 1560 436 1624 Obiioiea
455 1562 499 1625 2⁰.
522 1560 568 1623 Ex
583 1581 618 1623 eo
639 1558 722 1643 quod
741 1558 778 1622 de
802 1558 901 1642 spatio
924 1556 1127 1641 praedicentia
1146 1553 1307 1641 praedicata

204 1669 305 1750 realia,
321 1692 385 1735 non
408 1671 547 1755 sequitur
571 1670 704 1753 spatium
717 1692 846 1734 vacuum
862 1692 929 1733 esse
951 1668 1068 1754 aliquid
1091 1667 1180 1732 reale.
1224 1665 1307 1730 Nam

205 1782 328 1865 qnando
344 1781 456 1845 dicitur
470 1783 603 1865 spatium
619 1781 776 1865 infinitum,
790 1782 934 1845 immobile
948 1788 1002 1844 aut
1017 1779 1092 1865 quid
1107 1778 1214 1857 simile,
1229 1800 1306 1862 prae·

205 1893 305 1957 dicata
328 1893 395 1956 haec
418 1893 586 1977 respiciunt
606 1902 726 1956 tantum
754 1904 896 1956 naturam
920 1890 1083 1977 qnamdam
1099 1889 1307 1975 potentialem.

205 2003 338 2080 Quando
355 2027 425 2070 vero
448 2006 560 2069 dicitur
583 2006 715 2089 spatium
740 2005 937 2090 percurribile
957 2005 1003 2069 rel
1026 2003 1229 2068 mensurabile
1251 2024 1307 2086 per

204 2125 333 2196 motum,
345 2124 470 2201 apparet
489 2117 582 2181 talem
607 2117 866 2180 mensurationem
878 2116 944 2180 fieri
958 2115 1097 2181 terminis
1111 2114 1226 2193 alienis,
1241 2135 1305 2177 non

204 2228 344 2313 propriis.
389 2228 535 2307 Tandem,
551 2228 673 2314 quando
698 2229 833 2312 spatium
853 2227 965 2292 dicitur
981 2250 1047 2292 esse
1066 2227 1215 2313 capacitas
1229 2225 1305 2290 reci·

203 2339 308 2423 piendi
318 2360 452 2423 corpora,
462 2362 524 2404 non
535 2350 583 2403 est
594 2360 715 2405 necesse
724 2339 895 2423 intelligere
906 2339 1039 2424 aliquam
1047 2338 1319 2422 realitatemrece'

204 2451 337 2534 ptivam;
362 2452 473 2515 sufficit
484 2451 566 2515 enim
576 2460 612 2515 ut
624 2451 758 2536 spatium
769 2452 823 2515 fiat
834 2452 913 2517 reale
927 2460 1002 2515 tunc
1017 2473 1114 2536 quum
1128 2458 1303 2535 occupatur.

204 2562 253 2628 Ita
268 2563 329 2627 fere
343 2573 575 2645 argumentatur
590 2564 624 2628 P.
640 2564 800 2629 Dmowski
814 2564 848 2626 in
863 2587 919 2628 sua
932 2563 1115 2647 cosmologio
1130 2585 1162 2627 n.
1177 2565 1229 2627 34.

247 2674 428 2758 Respondeo
457 2698 523 2759 nep.
549 2684 611 2739 aot.
635 2676 685 2739 Ad
714 2676 844 2761 primam
873 2684 991 2760 partem
1018 2674 1207 2760 probationis
1235 2674 1305 2737 dot.

203 2786 371 2871 respiciunt
390 2798 531 2852 naturam
551 2788 759 2872 potentialem,
773 2788 808 2852 id
822 2797 868 2852 est
884 2810 945 2851 non
960 2788 1083 2866 realem,
1096 2809 1186 2871 nepo:
1209 2786 1304 2870 respi-

202 2898 288 2962 ciunt
317 2907 458 2962 naturam
488 2900 695 2984 potentialem,
719 2900 822 2963 idest
851 2899 1018 2964 extrinsece
1046 2896 1304 2983 denominabilem

202 3031 280 3073 conc.
337 3009 451 3073 sensus
475 3020 576 3074 antem
602 3010 807 3075 distinctionis
829 3010 946 3095 patebit
970 3033 1005 3076 ex
1029 3010 1133 3075 statim
1157 3009 1303 3074 dicendis.

202 3120 296 3185 Putat
310 3121 470 3185 Dmowski
484 3123 654 3206 praedicata,
670 3145 737 3208 quae
751 3123 933 3189 tribuuntur
947 3124 1055 3209 spatio,
1071 3146 1136 3189 ease
1149 3123 1305 3187 eubiectioe

203 3254 266 3295 non
281 3235 418 3298 obieetive
433 3234 541 3299 realia:
564 3258 618 3319 per
634 3235 716 3320 quod
731 3237 892 3319 significat,
910 3236 1028 3322 opinor,
1044 3236 1210 3300 realitatem
1226 3254 1302 3318 prae·

202 3345 370 3411 dicatorum
386 3370 452 3411 esse
466 3356 562 3411 totam
577 3348 611 3410 in
626 3369 750 3432 corpore
768 3358 936 3435 occupante
953 3348 1096 3433 spatium,
1111 3370 1174 3411 non
1189 3344 1302 3429 inipso

202 3460 311 3542 spatio.
356 3460 428 3523 Non
443 3460 525 3523 enim
540 3459 626 3523 video
641 3481 703 3544 qno
716 3459 776 3524 alio
791 3460 882 3525 modo
899 3461 1030 3545 intelligi
1050 3460 1145 3545 possit
1159 3461 1226 3523 eius
1240 3458 1303 3523 dis·

202 3556 320 3634 tinctio.
364 3571 405 3634 Et
426 3582 528 3635 tamen
555 3593 618 3634 non
641 3570 729 3636 video
751 3572 905 3657 quomodo
926 3594 992 3636 esse
1012 3573 1160 3657 infinitum
1182 3580 1213 3635 et
1236 3594 1302 3635 esse

202 3684 345 3747 immobile
359 3684 539 3747 conveniant
559 3684 676 3768 corpori
690 3684 853 3770 occupanti
870 3684 1014 3768 spatium,
1034 3694 1088 3747 aut
1108 3682 1215 3747 saltem
1230 3705 1301 3747 con·

201 3794 324 3859 veniant
347 3795 444 3879 spatio
467 3817 530 3857 non
553 3794 670 3858 ratione
686 3795 743 3871 sui,
760 3795 814 3859 sed
827 3795 945 3858 ratione
968 3815 1127 3880 corporum
1151 3815 1301 3879 occupan-

200 3906 290 3970 tium.
314 3907 469 3981 Similiter,
479 3927 575 3990 quum
586 3905 659 3970 dicit
674 3905 727 3970 illa
740 3907 902 3991 praedicata
913 3928 978 3970 esse
989 3906 1301 3988 tantumpotmtialio,

200 4015 323 4082 deberet
346 4017 534 4097 concludere,
557 4040 592 4082 ea
614 4040 676 4082 non
691 4040 781 4102 posse
795 4027 867 4082 actu
881 4018 1038 4103 praedicari
1052 4019 1091 4082 de
1105 4018 1212 4103 spatio.
1259 4018 1301 4081 Et

201 4136 304 4192 tamen
319 4128 358 4192 de
373 4130 471 4214 spatio
486 4138 557 4195 actu
578 4129 758 4215 praedicatur
776 4129 859 4213 qood
882 4131 922 4193 sit
943 4130 1116 4194 immobile:
1139 4129 1301 4194 nonenim

200 4248 246 4304 est
261 4240 418 4306 immobile
429 4241 461 4306 in
472 4242 619 4326 potentia.
657 4241 759 4318 Quare
774 4264 881 4306 sensns
894 4242 1097 4307 distinctionis
1112 4242 1150 4306 ab
1165 4264 1201 4307 eo
1215 4242 1301 4305 factae

201 4350 275 4417 mihi
292 4352 411 4417 videtur
425 4353 551 4418 omnino
567 4353 812 4438 inintelligibilis.
