3200 4984
274 403 339 467 194
601 418 643 461 uu
660 416 865 461 suusruurrn
880 415 1063 459 consonae.
1218 414 1288 457 cur.
1304 394 1375 477 nn]

273 589 426 651 monentiae
448 586 578 649 duorum
605 584 827 648 elementorum
856 581 1058 647 materialium
1080 580 1114 643 in
1136 580 1242 644 eodem
1266 590 1381 664 puncto

275 698 375 784 spatii.
420 697 523 763 Prima
545 695 682 759 definitio
702 694 801 778 magis
821 692 943 759 videtur
963 713 1130 776 congruere
1150 714 1220 755 cum
1236 692 1381 756 vocabulo

275 808 581 895 impenetrabilitetis,
612 815 647 870 ut
677 814 778 891 patet;
802 814 896 889 negat
924 805 1008 869 enirn·
1037 803 1268 888 possibilitatem
1299 804 1382 867 illius

276 931 369 999 actus,
400 921 453 1006 qui
484 920 596 985 dicitur
625 906 813 1003 penetratio}
836 918 889 980 sed
918 908 995 980 nou’
1010 916 1133 979 exhibet
1165 916 1379 1001 proprietatem

276 1033 449 1097 absolutam
470 1032 608 1097 omnium
632 1052 802 1115 corporum.
858 1028 999 1093 Secunda
1021 1028 1157 1092 definitio
1177 1038 1271 1112 negat
1286 1030 1382 1113 possi-

279 1146 368 1209 bilem
391 1167 456 1209 esse
477 1153 587 1209 statum
609 1142 906 1227 compenetratiouis,
926 1151 958 1205 et
977 1142 1111 1225 pertinet
1130 1141 1170 1204 ad
1192 1142 1296 1205 omnia
1316 1164 1381 1205 eor-

278 1280 353 1342 pora
378 1268 409 1321 et
435 1256 473 1320 ad
502 1256 606 1321 omnia
634 1254 785 1319 elementa
814 1276 985 1338 corporum.
1029 1254 1079 1317 De
1108 1263 1239 1338 utraque
1267 1253 1382 1337 ahquid

278 1346 453 1432 innuamus.

324 1482 396 1543 101.
421 1476 656 1562 Impossibilitas
675 1476 824 1541 transitus
844 1476 938 1539 unius
952 1476 1084 1560 corporis
1100 1499 1155 1560 per
1170 1477 1255 1540 aliud
1269 1478 1382 1561 depen-

280 1590 332 1655 det
347 1614 365 1654 a
385 1590 501 1654 viribus
524 1589 683 1674 repulsivis
706 1588 935 1667 molecularum,
958 1610 1089 1672 quarum
1107 1589 1217 1652 virium
1233 1590 1312 1653 actio
1326 1588 1385 1653 im-

253 1684 260 1703 i
279 1694 374 1786 pedit,
390 1702 555 1786 quominus
570 1700 718 1765 moleoula
736 1700 915 1764 moleculam
931 1709 1079 1784 penetret.
1124 1700 1165 1763 Et
1180 1700 1304 1764 evidens
1319 1711 1365 1765 est
1374 1728 1385 1778 3

280 1836 352 1879 uam
375 1813 498 1898 quando
521 1835 618 1876 unum
642 1834 753 1895 corpus
775 1811 875 1875 tendit
895 1812 927 1874 iu
942 1811 1035 1890 aliud,
1051 1834 1113 1874 non
1127 1820 1229 1897 potest
1244 1813 1387 1877 velocitas

279 1926 345 1989 eius
361 1924 634 2009 appropinquativa
653 1924 734 2001 elidi,
751 1924 811 1987 uisi
826 1924 956 2007 pervim
971 1946 1007 1986 ex
1022 1925 1163 2007 opposito
1183 1925 1384 2003 resistentem,

282 2060 336 2101 seu
345 2037 564 2122 producentem
579 2036 771 2100 velocitatem
780 2036 981 2100 contrariam:
1004 2035 1063 2099 hoc
1074 2046 1176 2099 autem
1192 2047 1239 2100 est
1254 2038 1386 2100 officium

282 2149 415 2212 solarum
438 2148 546 2211 virium
576 2148 808 2231 repulsivam,
831 2156 867 2209 ut
889 2156 982 2230 patet.
1030 2148 1063 2211 si
1085 2170 1158 2230 ergo
1185 2147 1297 2211 dentur
1319 2148 1386 2211 duae

280 2259 437 2325 moloculae
456 2260 520 2344 (fig.
540 2262 592 2341 13)
611 2259 744 2337 stabiles,
763 2258 912 2322 habentes
935 2260 1064 2341 angulos
1084 2259 1251 2343 repulsivos
1273 2283 1290 2322 r
1311 2269 1341 2323 et
1363 2258 1387 2322 Η

281 2392 353 2436 oum
368 2380 471 2435 centro
494 2370 652 2434 attractivo
678 2371 709 2433 Α
734 2381 766 2433 et
791 2365 841 2447 A',
862 2379 1008 2453 poterunt
1034 2369 1093 2433 illae
1117 2370 1239 2453 quidem
1264 2381 1387 2455 propter

285 2483 435 2548 actionem
458 2491 643 2560 centrorum,
665 2482 691 2545 si
705 2480 746 2545 sit
766 2481 841 2545 satis
862 2481 992 2560 intensa,
1016 2481 1166 2560 accedere,
1182 2481 1312 2545 sednon
1327 2483 1387 2545 nisi

282 2596 433 2680 usquead
453 2603 570 2659 certum
585 2594 726 2657 limitem.
772 2593 865 2670 Nam,
881 2615 978 2677 quum
993 2616 1048 2677 per
1068 2603 1211 2657 mutuum
1233 2616 1387 2657 accessum

284 2707 429 2771 distantia
448 2706 529 2769 inter
550 2706 700 2770 elementa
714 2728 730 2767 r
744 2713 775 2767 et
789 2702 815 2768 Η
829 2704 937 2768 tendat
957 2704 1094 2782 aduero,
1121 2714 1263 2768 manente
1287 2705 1387 2769 adhuc

284 2819 429 2883 distantia
440 2818 564 2882 relative
578 2839 691 2900 magua
706 2816 786 2879 inter
801 2823 907 2880 centra
922 2816 954 2878 Α
969 2824 1000 2878 et
1015 2814 1065 2894 A',
1081 2815 1160 2879 actio
1174 2816 1325 2901 repulsiva
1340 2817 1386 2880 in·
1424 2872 1429 2880 .

284 2930 375 3015 cipiet
404 2929 565 3014 praevalere
595 2927 760 2992 attractivae
785 2928 839 3005 ita,
866 2935 902 2990 ut
931 2926 1056 2991 tandem
1086 2928 1213 2990 omniuo
1242 2927 1388 3013 impediat

284 3044 460 3107 ulteriorem
482 3040 821 3126 appropinquationem.
866 3037 959 3113 Quod
973 3047 1010 3101 ut
1024 3040 1159 3122 apertius
1179 3048 1292 3123 pateat,
1308 3040 1388 3104 dica-

286 3163 338 3217 tur
353 3177 379 3217 w
394 3153 555 3216 intensitas
571 3151 698 3215 actionis
714 3151 811 3215 centri
826 3151 857 3213 Α
873 3144 926 3213 vel
935 3148 975 3218 Α
980 3150 1029 3221 ad
1051 3151 1203 3214 unitatem
1226 3152 1389 3230 distantiae,

287 3264 479 3329 cintensitas
489 3264 617 3327 actionis
632 3264 725 3327 unius
735 3286 772 3327 ex
787 3262 946 3326 elementis
957 3255 1111 3340 ruel=r¹,-d
1123 3262 1268 3327 distantia
1283 3266 1391 3328 interr

167 3396 172 3404 '
286 3386 316 3441 et
331 3374 364 3454 Η,
381 3378 403 3439 d
407 3389 462 3447 ÷u
477 3375 624 3439 distantia
638 3376 719 3439 inter
733 3376 765 3437 A
780 3383 811 3439 et
827 3372 866 3437 ,4¹
875 3401 885 3452 3
908 3374 965 3438 erit
1010 3394 1017 3417 ¹·

576 3511 603 3551 w

529 3575 649 3671 W,
665 3538 743 3601 actio
758 3537 917 3599 attractiva
933 3538 1026 3600 unius
1042 3539 1150 3616 centri,

540 3724 673 3865 {actio
688 3748 840 3834 repulsiva
855 3750 946 3813 unius
962 3751 1079 3835 auguli,

288 3924 318 3978 et
334 3914 464 3999 quisquc
479 3914 570 3991 videt,
591 3913 673 3998 quod
696 3912 843 3977 tendente
857 3912 932 3976 dad
947 3934 1025 3990 zero,
1046 3914 1180 3978 secunda
1199 3914 1277 3978 actio
1292 3916 1392 3979 tendit

290 4078 328 4140 ad
338 4097 369 4139 oo
380 4126 389 4154 ,
402 4076 475 4139 dum
485 4075 584 4159 prima
594 4074 692 4137 tendit
702 4074 741 4137 ad
752 4046 795 4186 ἕξ.
842 4073 935 4137 Unde
956 4083 1002 4137 est
1025 4074 1118 4159 quod,
1134 4076 1167 4139 in
1182 4075 1254 4141 data
1268 4078 1392 4162 propin-

289 4238 415 4321 quitate,
438 4237 517 4299 vires
538 4235 697 4319 repulsivae
719 4234 895 4309 attractivas
923 4235 1048 4314 elidant,
1072 4246 1104 4301 et
1127 4237 1316 4303 velocitatem
1338 4263 1392 4325 ap-

290 4346 554 4430 propinquatiouis
577 4345 713 4445 totaliter
727 4346 896 4423 destruant.
922 4413 926 4421 ,
942 4346 1026 4429 lngo
1040 4348 1196 4414 moleculae
1210 4350 1271 4413 illae
1285 4352 1391 4436 nequi-
