3200 4984
224 379 381 466 car.-111.]
560 402 603 444 na
620 401 825 445 suascararra
841 401 1025 445 corrosas.
1259 382 1324 444 205

224 589 371 651 superans
385 566 583 631 resultantem
596 567 763 645 actionum,
775 566 888 651 quibus
897 577 998 651 partes
1007 568 1141 651 corporis
1150 568 1325 650 separandae

223 681 385 743 uniuntur.
424 678 516 757 Hinc,
528 679 600 763 quia
609 679 735 743 diversae
745 686 818 743 sunt
830 679 966 742 actiones
981 679 1122 742 unientes
1137 679 1325 743 diversorum

222 814 384 875 corporum
410 804 521 875 partes,
546 790 683 875 quaedam
711 812 836 875 corpora
861 791 989 870 facilius,
1013 792 1152 875 quaedam
1173 792 1325 855 difficilius

223 900 413 979 dividuntur,
430 910 466 963 ut
481 901 654 965 videbimus
669 901 759 965 infra.

267 1014 397 1097 Agitant
412 1013 610 1097 quaestionem
633 1013 751 1098 antiqui
765 1014 844 1077 circa
866 1014 1104 1078 divisibilitatem
1124 1037 1277 1098 amporam
1292 1014 1325 1077 in

223 1124 391 1202 infinitum,
414 1133 445 1187 et
467 1125 647 1189 recentiores
670 1148 721 1189 eos
742 1124 904 1188 imitantur
919 1125 992 1189 satie
1006 1126 1218 1190 communiter.
1264 1126 1325 1190 Sed

223 1258 279 1319 pro
298 1236 387 1299 nobis
410 1236 537 1320 quaestio
563 1236 623 1299 iam
648 1246 694 1299 est
719 1236 853 1301 resoluta
874 1236 906 1299 in
929 1238 1028 1321 capite
1053 1238 1162 1321 primo.
1207 1237 1325 1302 Divisio

222 1349 304 1411 enim
320 1349 428 1433 nequit
442 1348 613 1433 procedere,
630 1349 688 1411 nisi
703 1370 799 1432 usque
815 1349 852 1412 ad
868 1350 966 1433 prima
980 1348 1130 1412 elementa
1141 1350 1283 1428 materiae,
1293 1360 1324 1413 et

222 1462 255 1523 in
271 1460 331 1524 illis
346 1460 438 1525 habet
452 1462 555 1524 finem.
602 1461 635 1525 si
649 1483 719 1524 vero
733 1470 875 1544 ageretur
885 1460 922 1523 de
934 1460 1326 1527 divisibilitateeatcnsioaia

222 1574 313 1637 realia
335 1595 506 1657 corporum,
530 1595 627 1657 quum
650 1572 712 1636 haec
736 1573 870 1636 extensio
890 1573 931 1635 sit
951 1573 1056 1636 relatio
1073 1586 1276 1636 extremorum
1290 1572 1324 1635 in

223 1686 332 1769 spatio,
348 1696 379 1749 et
397 1684 528 1769 spatium
545 1684 655 1749 lrabeat
669 1707 769 1748 veram
785 1684 1018 1748 continuitatem
1041 1684 1211 1762 virtualem,
1233 1707 1324 1747 num-

222 1820 314 1881 quam
338 1789 450 1880 poterit
472 1796 602 1860 inveniri
620 1818 690 1880 pars
705 1796 889 1859 extensionis
911 1796 985 1859 adeo
1008 1819 1099 1879 parva
1121 1819 1189 1881 quae
1206 1797 1325 1859 nonsit

222 1908 324 1973 adhuc
338 1908 497 1972 divisibilis
513 1910 545 1972 in
563 1909 730 1971 infinitum.
777 1908 838 1971 Sed
860 1908 917 1971 hoc
932 1930 996 1971 non
1010 1921 1089 1972 esset
1109 1907 1241 1971 dividere
1258 1930 1325 1971 cor·

222 2044 291 2105 pus,
308 2031 344 2084 ut.
358 2030 452 2105 patet,
469 2020 521 2084 sed
531 2020 663 2084 dividere
672 2020 772 2084 locum
783 2019 935 2104 corporia;
958 2019 1108 2104 siquidem
1120 2018 1227 2082 divisio
1236 2019 1325 2084 cadet

222 2133 390 2196 necessario
404 2133 437 2195 in
452 2132 625 2210 interstitia,
641 2131 753 2216 quibus
768 2132 925 2196 moleculae
938 2131 977 2196 ab
992 2132 1122 2195 invicem
1134 2140 1323 2215 separantur.

267 2246 340 2307 113.
371 2246 536 2308 Poroaitaa.
582 2244 659 2308 Haec
669 2243 836 2329 proprietas
845 2243 983 2307 absolute
993 2243 1184 2307 considerata
1193 2254 1239 2306 est
1251 2243 1323 2306 sim-

222 2356 293 2440 plex
308 2356 499 2420 corollarium
515 2356 664 2434 omnium,
687 2378 756 2440 quae
776 2356 946 2420 dictasunt
967 2364 1073 2420 contra
1090 2355 1323 2418 continuitatem

222 2467 375 2529 materiae:
398 2467 452 2550 qui
467 2475 569 2529 autem
585 2466 742 2530 materiam
758 2467 935 2530 continuam
950 2475 1126 2544 tenuerunt,
1141 2473 1172 2529 et
1181 2474 1324 2529 naturam

223 2559 240 2641 a
255 2601 349 2642 vacuo
365 2578 590 2657 abhorrentem,
606 2578 628 2639 ii
640 2599 730 2661 poros
745 2600 808 2642 nou
823 2578 883 2641 nisi
898 2578 1042 2641 vocabulo
1051 2588 1142 2641 tenus
1156 2585 1324 2661 potuerunt

222 2691 382 2756 admittere
391 2716 401 2769 3
424 2714 520 2775 quum
537 2690 701 2754 necessitas
721 2690 870 2775 implendi
884 2713 1013 2754 vacuum
1034 2691 1162 2754 materia
1178 2691 1324 2754 continua

221 2825 284 2867 non
299 2806 456 2887 permittat
478 2825 577 2887 poros,
598 2803 659 2866 nisi
681 2803 808 2866 materia
828 2803 974 2866 continua
995 2803 1119 2888 plenos:
1142 2813 1173 2881 et
1195 2802 1238 2865 sic
1260 2824 1323 2866 non

221 2924 346 2999 apparet
362 2938 416 2979 cur
431 2914 560 2977 debeant
576 2914 635 2979 dici
644 2916 723 2998 pori.
770 2914 821 2978 ad
832 2914 1001 2977 habendam
1015 2915 1053 2978 de
1062 2913 1323 2998 porositateabso-

221 3026 286 3090 luta
310 3027 409 3091 ideam
433 3028 622 3106 rationalem,
646 3027 830 3091 considerari
854 3026 966 3090 debent
988 3026 1136 3090 elementa
1160 3049 1323 3110 corporum

221 3147 376 3224 tamquam
393 3141 531 3204 natantia
551 3140 583 3203 in
598 3162 703 3218 vacuo,
719 3150 749 3202 et
765 3139 929 3202 vacuitates
944 3138 1014 3213 illae,
1029 3161 1098 3222 quae
1112 3138 1247 3202 motibus
1262 3138 1322 3201 ele·

221 3262 394 3316 mentorum
412 3274 473 3315 non
496 3260 726 3336 percurruntur,
750 3274 806 3315 nec
827 3252 1059 3328 interserantur,
1081 3251 1229 3315 habenda
1249 3260 1322 3314 sunt

219 3372 376 3445 tamquam
399 3363 466 3446 pori
488 3362 630 3426 absoluti.
675 3363 721 3425 Ex
743 3362 797 3446 fig.
822 3365 861 3425 15
880 3370 1005 3446 apparet
1026 3362 1130 3425 omnia
1151 3385 1217 3425 esse
1231 3384 1323 3447 poros

220 3473 253 3535 in
268 3472 454 3557 corporibus,
471 3474 602 3558 exceptis
616 3472 715 3552 lineis,
730 3496 784 3557 per
799 3496 875 3557 quaa
889 3484 977 3537 motu
985 3473 1146 3537 vibratorio
1160 3484 1324 3538 moventur

221 3584 370 3648 elementa
392 3584 621 3648 molecularum.
665 3584 762 3648 Porus
785 3585 867 3648 enim
885 3585 1022 3649 absolute
1045 3586 1254 3649 consideratus
1275 3596 1322 3650 est

220 3695 354 3779 epatium
375 3695 409 3758 in
430 3717 556 3779 corpore
578 3716 641 3759 non
663 3704 847 3779 occupatum
865 3719 884 3759 a
900 3697 1047 3761 materia:
1069 3697 1196 3760 materia
1219 3708 1322 3763 autem

221 3816 349 3891 occupat
367 3808 409 3889 (et
423 3806 548 3891 quidem
571 3807 747 3891 successive)
766 3806 846 3871 solas
867 3807 973 3885 lineas,
988 3829 1042 3891 per
1063 3830 1139 3891 quas
1161 3819 1320 3873 movetur:

221 3918 308 3981 unde·
318 3917 469 4001 reliquum
485 3918 619 4001 spatium
633 3917 794 3989 constituit
808 3939 910 4001 poros.

265 4031 379 4093 Praeter
392 4030 471 4093 hanc
486 4029 682 4114 porositatem
698 4052 766 4113 quae
780 4029 892 4093 dicitur
907 4027 1056 4108 absoluta,
1071 4039 1118 4093 est
1129 4030 1221 4095 etiam
1231 4052 1321 4113 poro·

221 4141 294 4205 sitas
314 4140 475 4219 sensibilis,
500 4163 553 4205 seu
575 4140 700 4204 relativa
721 4141 761 4204 ad
783 4163 908 4205 sensus:
931 4149 962 4203 et
979 4141 1115 4205 nascitur
1128 4165 1165 4205 ex
1178 4142 1323 4226 inaequali

222 4264 331 4318 natura
346 4276 381 4317 ac
401 4253 587 4317 connexione
605 4252 739 4337 partium
754 4252 898 4336 corporis,
914 4257 1044 4337 quarum
1059 4253 1168 4339 aliquae
1182 4254 1322 4319 intimius

219 4364 403 4449 iunguntur,
418 4364 473 4428 «ita
496 4374 532 4427 ut
555 4364 669 4428 faciant
694 4364 899 4429 extensionem
925 4363 1108 4429 sensibiliter
1133 4366 1321 4445 continuam,
