3200 4984
718 404 836 449 ruuux.
1263 387 1329 451 629

369 569 397 641 t)
410 584 472 640 quac
484 572 526 622 est
537 567 646 622 realiter
659 568 698 640 (u.
711 568 755 636 82,
767 567 816 639 38)
843 608 1251 624 ........................
1275 519 1329 625 {il

368 661 394 733 c)
407 679 458 717 uec
469 667 512 716 eat
523 660 590 733 quid
601 662 748 733 creamm(
767 700 774 715 .
787 661 837 733 84)
844 701 1252 718 ........................
1275 663 1329 720 274

363 756 615 829 ὴοειιὶιιιιιιὶῒιιε
627 756 788 811 aeternitatis
802 756 842 827 (ιι
852 755 901 827 65)
914 795 1253 814 ....................
1276 758 1330 814 275

369 852 395 923 e)
408 855 598 906 noumutatur
608 868 657 924 per
668 850 774 905 fluxum
784 855 907 906 creatum
919 850 958 922 (u.
971 852 1015 922 36,
1027 851 1132 922 37)...
1144 894 1254 909 .......
1277 854 1330 909 278

295 946 375 1012 Quid
387 946 424 1001 ait
435 946 602 1019 qumuoitas,
616 951 644 1001 et
655 946 805 1019 quotuplex
818 945 858 1017 (ιι.
871 945 919 1016 88)
950 986 1254 1003 ..................
1276 949 1329 1006 277

298 1042 476 1098 Intervallum
494 1042 650 1097 duretivum
666 1044 708 1096 eat
723 1040 819 1095 relatio
835 1040 949 1095 fimdata
965 1038 996 1094 in
1013 1059 1082 1095 meac
1098 1041 1260 1097 aternitatis

335 1138 375 1210 (ιι
388 1138 437 1210 39)
459 1178 641 1192 ...........
648 1174 651 1179 <
653 1175 1254 1194 ...................................
1294 1140 1328 1193 u.

299 1234 333 1287 In
342 1234 480 1307 praedictio
488 1232 648 1288 notionibus
659 1249 714 1287 uon
726 1237 769 1287 eat
781 1231 898 1286 circulus
908 1230 1025 1286 vitiosus
1038 1233 1077 1304 (ιι
1090 1232 1139 1304 40)
1160 1276 1254 1290 ......
1277 1236 1330 1291 278

302 1328 449 1395 Quantitas
460 1328 598 1384 intervalli
610 1327 730 1383 durativi
741 1345 796 1382 nou
808 1331 851 1381 eet
862 1344 968 1382 summa
982 1328 1196 1400 quandeitatum,
1209 1348 1259 1386 nec

336 1424 420 1479 habet
430 1424 581 1479 naturalem
592 1428 621 1478 ot
632 1422 784 1479 absolutam
795 1422 930 1477 unitatem
940 1440 1074 1478 mensura
1087 1423 1128 1495 (n.
1140 1425 1201 1497 41).
1213 1468 1219 1481 .
1230 1468 1237 1482 .
1248 1468 1254 1483 .
1295 1428 1327 1482 ὦ.

302 1520 420 1593 Τοιιιριιι
432 1524 474 1573 est
486 1519 592 1574 duratio
604 1518 773 1575 sensibilium
787 1519 826 1590 (ιι.
839 1519 888 1591 42)
917 1559 1254 1577 ....................
1277 1523 1331 1579 279

303 1615 421 1689 Tempus
432 1619 474 1669 est
484 1633 612 1670 uumerus
623 1620 713 1670 motus
726 1615 766 1686 (n.
779 1614 828 1685 43)
846 1654 1255 1673 ........................
1278 1618 1331 1672 280

302 1712 336 1765 Ιιι
348 1717 468 1784 tempore
480 1716 522 1765 eat
533 1728 619 1765 unum
630 1710 735 1766 instans
746 1728 783 1779 ro,
796 1709 941 1781 multiplex
952 1709 1056 1764 ratione
1069 1708 1087 1781 (
1102 1751 1108 1765 .
1121 1710 1170 1783 44)
1194 1754 1201 1767 .
1213 1754 1219 1768 .
1229 1754 1235 1767 .
1247 1755 1253 1767 .
1276 1714 1330 1768 281

302 1806 364 1863 Νοιι
377 1812 419 1860 est
429 1805 565 1879 possibilis
577 1805 684 1861 duratio
696 1804 783 1859 fluens
791 1803 895 1876 abeque
905 1804 963 1858 ullo
973 1804 1053 1859 initio
1067 1806 1107 1877 (ιι.
1119 1806 1168 1878 45)
1195 1850 1200 1861 .
1213 1850 1218 1862 .
1230 1850 1253 1863 ,.
1276 1809 1330 1863 283

301 1900 418 1973 Tempus
429 1920 485 1955 nou
495 1900 578 1955 habet
588 1900 671 1955 finem
684 1900 723 1972 (ιι.
736 1882 785 1971 46)
814 1938 1255 1959 ..........................
1278 1905 1332 1959 284

300 1995 390 2051 Verba
402 2002 461 2049 ante
473 1995 635 2063 accionem,
647 1993 714 2066 quid
725 1992 880 2065 significent
892 1992 932 2063 (n.
946 1991 995 2062 47)
1022 2034 1253 2055 ..............
1278 2000 1332 2053 285

301 2090 419 2162 Tempus
430 2093 568 2143 mensurat
579 2087 663 2142 etiam
675 2087 796 2159 quietem
808 2088 846 2156 (ιι
859 2087 907 2157 48)
918 2127 1255 2147 ....................
1278 2095 1332 2149 288

302 2183 612 2249 Quoortlinevideautm
619 2181 794 2254 acquiriideae
802 2180 1260 2259 dmtionmtemporieetc,(n.49)
1278 2189 1332 2243 289

303 2278 476 2333 Continuitas
488 2278 616 2350 temporie
628 2278 741 2333 resriltat
752 2296 788 2331 ex
799 2276 979 2332 continmtate
990 2282 1080 2332 motus
1094 2277 1132 2349 (ιι
1143 2279 1203 2351 50).
1215 2322 1221 2335 .
1232 2323 1238 2336 .
1250 2323 1256 2337 .
1279 2284 1333 2338 290

224 2372 314 2427 ·οΑΡ.
327 2371 380 2426 ΠΙ.
400 2371 445 2425 Du
458 2387 490 2425 vr
501 2386 617 2425 murm
628 2386 667 2425 ur
679 2386 770 2425 uoru

301 2466 460 2521 Differentia
471 2452 946 2537 intermomentumubictquando
960 2466 999 2538 (ιι
1012 2465 1061 2539 51)
1091 2508 1254 2525 ..........
1277 2472 1330 2526 291

301 2562 376 2617 auo.
389 2560 412 2613 Ι.
431 2562 475 2615 De
486 2561 514 2615 ai
523 2560 628 2630 nativa,
640 2566 670 2614 ut
676 2560 767 2631 primo
774 2560 944 2631 partt'capatu

372 2655 403 2727 a)
416 2654 597 2710 Daturvirtm
609 2672 701 2710 careno
713 2655 787 2709 omni
798 2654 998 2726 potentialitate
1010 2655 1155 2711 intrinseca
1166 2660 1203 2728 (u.
1212 2660 1261 2732 52)
1279 2662 1332 2715 292

372 2751 400 2822 5)
414 2756 443 2805 et
453 2749 536 2805 habet
547 2750 680 2805 rationem
691 2767 779 2805 couaae
790 2749 993 2823 perfectissimae
1007 2751 1047 2823 (n.
1061 2750 1109 2822 53)
1126 2794 1255 2810 ........
1278 2756 1331 2809 298

377 2844 403 2916 c)
416 2852 458 2900 eet
469 2845 588 2900 increata
600 2846 639 2910 (ιι.
653 2844 701 2915 54)
708 2885 1255 2905 ................................
1278 2852 1332 2905 294

371 2940 457 3011 d)est
467 2939 620 2994 virtualitae
632 2944 708 2993 actius
720 2956 774 3011 quo
785 2938 861 2993 Deus
872 2943 914 2993 eet
927 2938 967 3010 (ιι.
977 2940 1025 3011 55)
1057 2982 1255 2999 ............
1279 2946 1332 3000 295

377 3035 404 3107 a)
417 3052 467 3089 nec
479 3038 601 3089 mutatur
612 3036 679 3090 dum
690 3033 872 3088 communicat
891 3040 968 3088 extra
985 3052 1014 3089 ae
1025 3034 1156 3092 virtutem
1167 3055 1261 3095 cauea

444 3129 531 3185 tivam
545 3129 584 3201 (ιι.
598 3129 646 3201 56)
673 3170 1256 3191 ..................................
1296 3138 1330 3193 ὦ.

303 3225 399 3279 Virtus
410 3224 571 3298 participata
578 3224 661 3280 habet
672 3224 848 3280 intrinsecam
858 3224 1088 3297 potentialitatem
1101 3227 1140 3300 (ιι
1154 3229 1203 3303 57)
1231 3272 1237 3285 .
1249 3273 1255 3286 .
1278 3232 1332 3287 296

304 3321 414 3375 Relatio
425 3321 496 3375 inter
506 3320 637 3375 virtutem
645 3325 673 3375 et
680 3319 811 3375 virtutem
821 3318 904 3374 habet
914 3319 1090 3375 intrinsecum
1100 3322 1261 3379 fundamen·

338 3422 399 3470 tum
412 3415 450 3487 (ιι
464 3414 512 3486 58)
534 3453 1257 3475 ..........................................
1297 3421 1330 3476 ὦ.

304 3510 449 3576 Quantitas
461 3509 571 3565 virtutis
584 3515 627 3564 ost
638 3526 744 3565 summa
754 3508 888 3581 graduum
899 3508 1057 3563 virtualium
1068 3509 1205 3566 arbitraria
1217 3529 1261 3568 uo·

339 3611 508 3678 sumptorum
520 3623 567 3678 pro
579 3622 705 3659 mensura
718 3604 756 3677 (ιι.
770 3603 819 3676 59)
848 3645 1255 3663 ........................
1279 3608 1332 3665 297

304 3702 378 3754 Anu.
391 3700 430 3753 11.
447 3702 492 3755 De
503 3702 530 3755 ai
540 3701 644 3769 motiva,
657 3707 686 3755 ut
697 3702 806 3754 secundo
812 3699 997 3770 particapusbtla'.

376 3796 406 3868 a)
419 3795 506 3849 Datur
517 3795 559 3850 vis
577 3794 666 3849 activa
683 3800 773 3848 creata
790 3794 895 3847 nullam
914 3792 1016 3847 habene
1033 3792 1260 3865 potentialitutem

445 3889 618 3943 intrinsecam
631 3888 793 3944 ectuabilem
805 3905 821 3941 a
832 3886 960 3942 creaturis
973 3888 1013 3959 (ιι.
1025 3887 1074 3959 80)
1092 3930 1255 3946 ..........
1278 3893 1332 3949 298

379 3985 405 4054 b)
419 3990 447 4037 et
457 3983 539 4039 habet
551 3984 684 4039 rationem
695 3998 782 4038 causae
796 3981 834 4054 (ιι
847 3981 896 4053 61)
917 4023 1255 4043 ....................
1279 3990 1333 4044 299
1400 4057 1403 4062 ¹

378 4080 404 4152 c)
417 4096 467 4133 nec
480 4080 513 4134 de
525 4098 553 4133 ee
565 4079 665 4152 pendet
677 4077 711 4132 ab
723 4077 777 4131 ulio
787 4082 909 4132 creatum
921 4078 961 4148 (ιι.
973 4079 1023 4151 62)
1057 4120 1256 4139 ............
1297 4085 1330 4142 ὣ.

376 4174 626 4247 d)estvirtualitce
637 4170 912 4228 actrmoubatantialie
923 4172 1006 4227 creati
1019 4174 1058 4246 (ιι
1071 4175 1120 4247 68)
1127 4216 1255 4233 ........
1297 4182 1329 4237 ὦ,

381 4270 407 4341 a)
420 4286 475 4323 non
486 4274 609 4323 mutetur
619 4286 668 4341 per
677 4268 730 4322 hoc
741 4266 815 4339 quod
827 4268 885 4339 ogit
898 4268 937 4339 (ιι.
950 4268 1000 4340 64)
1023 4313 1256 4329 ..............
1279 4278 1333 4331 300

304 4346 476 4422 Momentum
488 4371 530 4419 est
541 4370 617 4419 actus
629 4362 802 4419 accidentalia
814 4362 856 4417 vie
867 4363 977 4418 motivae
991 4364 1030 4435 (ιι.
1043 4367 1092 4437 65)
1127 4407 1256 4425 ........
1278 4373 1331 4428 301
