3200 4984
219 388 292 435 ear.
310 369 365 453 ru]
547 388 589 432 un
605 388 811 433 suusraumu
826 389 1006 432 coarounn.
1262 367 1325 431 157

218 555 326 620 volunt
340 553 485 620 virtutem
500 554 622 638 agentis
637 553 806 639 producere
820 554 964 620 effectum
978 554 1012 617 in
1033 552 1150 617 distans
1170 550 1323 616 mediante

218 665 346 730 materia
375 662 521 731 continua
550 665 741 745 intermedia,
770 675 892 750 ponunt
921 665 1080 730 materiam
1111 665 1191 729 hanc
1227 664 1323 728 iuter-

218 778 351 842 mediam
380 777 497 864 impelli
526 801 581 863 per
609 786 786 844 contactum
816 802 887 843 oum
913 778 1041 843 materia
1063 777 1193 862 agentis,
1213 787 1245 842 et
1268 800 1323 862 per

219 898 393 955 contactum
420 912 511 953 suum
536 888 693 974 impellere
715 888 842 955 taudem
868 888 945 954 illud
969 888 1052 973 quod
1081 888 1121 954 ad
1146 888 1322 953 distantiam

218 999 333 1066 moveri
348 1000 450 1067 debet.
495 1001 556 1065 Sed
570 1002 635 1067 hac
649 1001 762 1087 positio
777 1010 824 1067 est
846 1001 988 1066 absurda.
1032 1000 1128 1085 Ergo.
1171 1000 1323 1067 Probatur

218 1109 337 1177 minor:
360 1134 430 1177 nam
454 1112 556 1177 omnis
575 1121 679 1177 motus
696 1111 836 1197 passivus
852 1110 989 1196 postulat
1009 1111 1072 1175 rim
1089 1110 1228 1191 activam,
1243 1112 1323 1176 sicut

218 1223 345 1289 effeetus
366 1246 488 1289 oausam
509 1224 790 1309 proportionatam:
814 1225 901 1309 atqui
918 1222 1023 1287 nullus
1043 1232 1203 1288 contaetus
1217 1232 1263 1288 est
1278 1224 1323 1288 vis

218 1336 336 1401 activae
359 1357 432 1420 ergo
450 1358 487 1401 ex
508 1344 651 1401 oontaetu
673 1358 736 1401 nou
751 1336 891 1421 sequitur
905 1334 988 1399 ullus
1002 1345 1115 1401 motus.
1160 1336 1226 1401 Nec
1241 1336 1323 1401 dieas

219 1456 395 1511 contactum
410 1470 475 1512 esse
494 1446 601 1511 saltem
621 1446 857 1532 applicationem
872 1446 917 1511 vis
930 1445 1049 1525 'aetivae,
1064 1456 1096 1511 et
1115 1447 1322 1513 eonditionem

218 1558 460 1643 praerequisitam
489 1557 529 1623 ad
557 1558 720 1643 agendum.
774 1558 868 1637 Nam,
898 1557 946 1623 vel
974 1558 1077 1643 agitur
1113 1559 1151 1623 de
1180 1568 1324 1625 contactu

219 1670 445 1749 mathematico,
461 1669 507 1734 vel
533 1670 573 1735 de
596 1679 741 1735 ooutaetu
763 1677 887 1734 tontum
913 1669 1059 1734 sensibili.
1105 1670 1139 1735 si
1162 1670 1265 1755 agitur
1285 1672 1323 1736 de

220 1790 365 1846 contactu
389 1782 616 1863 mathematico,
641 1780 692 1847 hio
717 1782 826 1867 nequit
849 1803 915 1846 esse
938 1781 1073 1846 conditio
1098 1782 1136 1846 ad
1160 1783 1324 1867 agendum,

220 1915 318 1979 quum
338 1892 443 1978 potius
466 1915 505 1958 ex
524 1893 580 1957 tali
597 1901 742 1959 aonmetu
761 1886 879 1958 oriatur
898 1893 1011 1977 agendi
1029 1894 1268 1978 impossibilitas,
1288 1919 1325 1961 ex

221 2004 422 2090 supradietis:
445 2006 517 2090 quia
539 2004 579 2069 ad
602 2004 787 2070 movendum
808 2004 945 2070 localiter
964 2004 1129 2090 requiritur
1148 2006 1275 2071 dueotio
1294 2017 1326 2071 et

220 2116 286 2180 haee
308 2115 401 2200 exigit
425 2116 486 2181 duo
507 2125 623 2201 puncta
645 2115 789 2181 distincta
811 2115 845 2179 in
867 2116 983 2201 spatio:
1006 2124 1121 2200 puncta
1138 2125 1241 2181 autem
1256 2141 1324 2203 quae

222 2237 296 2293 sunt
316 2228 350 2293 in
369 2236 513 2293 oontaotu
531 2228 747 2293 mathematico
761 2251 826 2293 non
841 2236 914 2292 sunt
929 2228 963 2292 in
978 2227 1077 2313 spatio
1092 2227 1246 2293 distincta.
1291 2230 1325 2295 Si

149 2328 154 2337 ⁸
222 2363 293 2404 vero
316 2349 426 2425 agatur
450 2340 488 2406 de
511 2349 653 2405 contactu
677 2349 800 2405 tantum
823 2339 960 2427 physico,
976 2362 1074 2425 quum
1096 2341 1148 2406 hie
1167 2350 1325 2407 contaetus

222 2472 286 2515 non
312 2451 353 2517 sit
375 2452 436 2516 nisi
461 2474 610 2537 apparens
639 2452 683 2537 (id
706 2461 753 2517 est
774 2452 927 2517 iudicetur
946 2461 1105 2517 contaetus
1124 2475 1161 2517 ex
1180 2454 1326 2519 relatione

222 2585 369 2628 sensuum
389 2586 453 2627 non
473 2564 699 2649 pervidentium
719 2563 862 2628 minimas
878 2564 1050 2648 distantias)
1068 2564 1215 2649 sequitur,
1232 2567 1325 2630 aetio-

223 2696 293 2738 uem
310 2697 347 2739 ex
360 2698 423 2739 uno
438 2674 471 2739 in
487 2674 570 2740 aliud
584 2676 746 2761 propagari
761 2698 816 2760 per
831 2675 1087 2761 interruptionem
1101 2676 1185 2740 illam
1200 2701 1325 2743 vacuam

223 2809 293 2871 quae
312 2786 434 2852 realiter
454 2796 575 2871 separat
595 2786 648 2851 illa
671 2787 732 2851 duo
755 2797 880 2871 puncta,
895 2788 954 2850 etsi
975 2786 1116 2852 sensibus
1135 2810 1197 2852 non
1218 2812 1325 2875 oppre-

224 2897 387 2964 heudatur.
429 2898 471 2961 Et
494 2898 538 2962 sio
559 2920 623 2962 non
644 2907 692 2961 est
713 2898 841 2962 materia
856 2897 1030 2962 vehiculum
1052 2898 1180 2963 actionis
1195 2902 1325 2968 motivae.

225 3010 299 3074 Nou
318 3009 402 3075 aliud
422 3010 571 3095 effugium
593 3009 754 3075 adversarii
768 3008 926 3073 invenient
940 3009 1000 3074 nisi
1013 3009 1082 3089 hoo,
1097 3010 1190 3093 quod,
1206 3012 1326 3078 etiamsi

225 3121 287 3187 duo
306 3130 421 3207 puncta
440 3122 501 3185 sint
518 3123 552 3185 in
569 3130 713 3186 contactu
734 3120 959 3199 mathematico,
980 3121 1081 3186 adhue
1101 3122 1205 3187 haberi
1224 3134 1326 3209 potest

225 3234 362 3313 directio,
371 3234 405 3299 iu
416 3243 567 3319 quantum
582 3236 716 3319 impetus
731 3235 824 3299 unius
839 3235 872 3297 in
887 3234 971 3299 aliud
985 3235 1020 3298 fit
1035 3236 1204 3300 secundum
1219 3261 1327 3323 quam-

227 3346 297 3410 dam
327 3346 560 3411 determinatam
594 3346 801 3411 direetionem.
849 3346 910 3410 sed
938 3347 997 3410 hoe
1026 3370 1148 3432 quoque
1177 3349 1325 3433 effugium

225 3466 356 3536 corruet,
371 3457 507 3521 notando
530 3460 564 3521 1ο
578 3458 662 3542 quod
682 3458 747 3526 haee
769 3458 847 3523 ratio
868 3457 1074 3543 respondendi
1096 3462 1244 3545 supponit
1265 3464 1326 3527 iam

227 3578 345 3634 motum
369 3568 553 3653 impressum
578 3568 633 3633 uni
656 3578 780 3654 puncto,
805 3578 840 3633 ut
865 3579 937 3653 agat
960 3570 993 3633 in
1020 3569 1122 3647 aliud3
1145 3580 1175 3635 et
1198 3573 1327 3657 proinde

228 3680 373 3766 supponit
389 3680 472 3765 quod
489 3689 535 3744 est
555 3680 588 3744 in
599 3679 777 3764 ¹quaestione
786 3707 796 3759 ,-
820 3680 941 3765 agimus
960 3680 1042 3744 euim
1065 3680 1104 3744 de
1126 3683 1326 3765 possibilitate

227 3792 423 3878 imprimendi
452 3792 545 3857 talem
576 3801 694 3856 motum
723 3815 778 3877 per
807 3800 1002 3858 contactum:
1040 3791 1067 3855 si
1094 3814 1165 3856 vero
1192 3794 1326 3877 primum

227 3915 380 3991 puuctum
394 3926 457 3971 non
473 3913 630 3969 moveatur
643 3927 698 3989 per
713 3913 899 3983 contactum,
915 3926 972 3969 nee
992 3903 1159 3969 seeundum
1176 3905 1326 3991 indigebit

228 4017 341 4084 moveri
350 4039 405 4103 per
416 4025 602 4082 contactum.
646 4020 681 4081 2⁰
690 4017 848 4102 quodhaec
859 4016 1016 4100 responsio
1026 4036 1089 4079 non
1099 4025 1145 4080 est
1157 4017 1308 4082 sufficiens
1317 4045 1327 4098 3

228 4152 301 4193 nam
327 4129 354 4193 ai
377 4150 483 4195 saxum
508 4128 640 4212 pendeat
663 4151 699 4191 ex
721 4128 783 4207 filo,
800 4128 960 4192 combusto
978 4126 1041 4207 filo,
1056 4127 1143 4191 cadet
1162 4128 1196 4191 in
1213 4138 1327 4195 certam

229 4240 425 4305 directionem
437 4266 448 4318 3
470 4250 500 4305 et
526 4248 629 4305 tamen
651 4262 718 4304 non
742 4248 842 4324 potest
868 4239 1017 4322 assignari
1041 4238 1142 4324 aliqua
1164 4262 1254 4305 eausa
1272 4243 1328 4305 irn-

230 4352 346 4437 pellens
369 4352 402 4415 in
428 4374 495 4416 eam
521 4352 719 4417 directionem
742 4373 797 4435 per
820 4359 1005 4415 contactum.
1059 4353 1094 4415 3⁰
1116 4350 1198 4435 quod
1223 4352 1329 4417 eadem
