3200 4984
304 406 374 472 2⁷4
666 426 708 469 on
725 426 848 470 rorans
864 424 1056 469 cormunis.
1267 403 1357 488 [car.
1374 424 1416 467 11.

307 595 432 659 daretur
446 593 526 658 reale
539 593 733 659 intervallum
750 594 930 659 durationis.
976 593 1058 657 Nam
1074 613 1172 676 quum
1185 590 1311 655 termini
1324 590 1415 676 quili-

307 707 360 771 bet
375 706 544 771 durationis
553 706 615 769 sint
625 706 836 785 indivisibiles,
848 706 934 771 nulla
948 728 985 770 ex
998 704 1061 769 illis
1075 704 1148 768 oriri
1162 712 1264 788 potest
1279 702 1415 767 extensio

308 817 488 897 durationis,
501 816 560 881 nisi
570 816 635 883 haec
645 817 842 881 indivisibilia
852 816 1047 901 intercipiant
1063 815 1255 880 durationem
1271 823 1413 879 stantem.

311 929 372 995 Sed
394 929 459 995 haeo
482 950 521 993 ex
546 929 709 1015 hypothesi
732 938 813 993 esset
836 951 950 1014 purum
972 927 1061 991 nihil.
1107 928 1193 1012 Ilrgo
1218 926 1298 990 nihil
1321 926 1417 989 inter-

311 1042 462 1126 ciperetur
479 1042 559 1105 inter
582 1042 667 1126 prius
687 1049 717 1104 et
740 1050 831 1126 post;
854 1062 928 1124 ergo
947 1040 1035 1125 priua
1049 1048 1081 1103 et
1095 1047 1165 1126 post
1179 1039 1214 1103 in
1228 1061 1328 1103 unum
1342 1060 1416 1101 oon·

312 1155 532 1219 funderentur:
562 1164 593 1217 et
616 1154 658 1217 sio
679 1153 802 1217 ntdlum
824 1153 904 1217 reale
926 1152 1097 1217 durationis
1118 1151 1313 1217 intervallum
1336 1159 1416 1214 esset

312 1266 464 1351 possibile.
510 1264 731 1330 Couoludimus
745 1264 852 1349 igitur,
864 1265 1057 1330 durationem
1073 1270 1207 1329 stantem
1221 1286 1287 1328 esse
1301 1262 1416 1347 aliquid

313 1378 461 1443 obieetive
475 1377 563 1441 reale.

357 1492 410 1554 33.
433 1491 535 1553 Dices.
558 1487 759 1552 Intervallum
778 1488 861 1553 inter
881 1488 968 1574 prius
988 1496 1020 1552 et
1041 1496 1113 1572 post
1130 1496 1178 1552 est
1195 1510 1274 1571 pura
1293 1487 1416 1569 negatio

313 1600 570 1683 simultaneitatis.
617 1599 678 1663 Sed
706 1600 831 1684 negatio
858 1609 905 1664 est
931 1600 1019 1664 nihil.
1066 1600 1159 1685 Ergo.
1204 1600 1247 1662 Ilt
1271 1606 1418 1684 praeterea

313 1713 428 1797 optime
450 1710 621 1795 eonripitur
643 1710 763 1775 duratio
786 1712 964 1792 successiva,
983 1711 1009 1775 si
1031 1721 1098 1776 tota
1120 1712 1160 1776 sit
1181 1710 1291 1776 fluens.
1333 1710 1418 1793 Ergo

314 1846 377 1888 non
392 1822 558 1909 requiritur
573 1822 693 1887 duratio
705 1832 800 1887 stans.

359 1934 543 2022 Respondeo
557 1957 622 2018 neq.
638 1936 719 1999 Mai.
764 1935 858 2015 Nam,
873 1935 901 1999 si
914 1936 959 1999 ita
972 1943 1061 2016 esset,
1078 1958 1174 2020 quum
1189 1934 1313 2018 negotio
1328 1933 1368 1997 sit
1384 1933 1418 1997 in

314 2048 503 2127 indivisibili,
526 2048 612 2112 nulla
635 2048 758 2112 daretur
779 2046 938 2111 diversitas
960 2048 1040 2111 inter
1061 2047 1252 2111 durationem
1274 2056 1306 2111 et
1329 2046 1417 2110 dura-

315 2160 441 2239 tionem,
466 2159 520 2224 sed
543 2159 719 2223 durationes
744 2180 850 2222 omues
876 2167 978 2223 essent
1001 2158 1159 2236 identieae3
1191 2158 1274 2243 qnod
1297 2157 1422 2237 admitti

315 2274 433 2358 nequit.
479 2271 612 2355 Negatio
627 2270 876 2335 simultaneitatis
891 2270 964 2335 dicit
979 2279 1101 2335 tantum
1116 2270 1345 2335 distinctionem
1358 2281 1418 2333 ter-

317 2385 471 2449 minorum
497 2382 710 2447 relativorum:
745 2383 798 2446 sed
824 2383 864 2446 ad
885 2383 1063 2447 relationem
1087 2384 1254 2469 requiritur
1276 2390 1419 2467 praeterea

316 2497 552 2561 fundamentum
574 2494 738 2579 positivum
761 2494 835 2559 hino
856 2518 930 2575 uno,
953 2496 1025 2559 inde
1046 2496 1142 2561 altero
1163 2496 1295 2561 termino
1315 2494 1420 2559 termi-

317 2621 443 2674 natum:
466 2616 497 2671 et
512 2607 570 2671 hoe
585 2618 631 2671 est
647 2605 768 2671 duratio
785 2621 878 2672 stans.
1031 2686 1036 2697 ι

362 2720 412 2783 Ad
433 2718 563 2783 alterum
582 2737 661 2782 cour.
678 2726 740 2781 ont.
757 2726 787 2782 et
807 2741 887 2803 neyo.
905 2739 983 2783 cona.
1029 2718 1120 2798 Quia,
1135 2719 1206 2783 lieet
1217 2718 1338 2783 duratio
1353 2740 1419 2783 sue-

318 2831 430 2895 cessiva
451 2830 619 2894 necessario
641 2829 760 2914 eonoipi
783 2828 891 2893 debeat
912 2838 949 2894 ut
970 2830 1080 2909 fluens,
1104 2840 1207 2894 tamen
1228 2830 1307 2894 illud
1328 2830 1421 2894 fluere

319 2942 440 3027 proprie
461 2964 525 3005 non
545 2949 592 3005 est
613 2942 647 3007 in
667 2941 734 3025 ipsa
754 2941 925 3021 duratione,
941 2941 995 3005 sed
1012 2942 1046 3005 in
1066 2950 1154 3006 motu
1171 2964 1239 3006 eam
1256 2942 1421 3006 formaliter

320 3054 512 3132 extendente,
528 3054 583 3118 seu
602 3053 774 3117 extrinsece·
783 3053 1010 3134 denominante,
1024 3062 1060 3119 ut
1074 3054 1202 3118 inferius
1216 3054 1315 3138 magis
1329 3054 1422 3139 expli-

321 3164 449 3257 oabitur.
495 3164 635 3244 Interim,
651 3187 748 3249 quum
759 3165 863 3229 fluere
880 3188 935 3250 per
955 3166 1042 3251 prius
1060 3174 1091 3230 et
1105 3175 1176 3251 post
1191 3167 1232 3230 sit
1246 3166 1363 3252 aliquid
1376 3189 1422 3230 re·

321 3278 459 3356 lativum,
485 3276 682 3341 manifestum
707 3287 763 3356 est,
784 3277 976 3343 durationem
1002 3278 1150 3343 fluentem
1173 3278 1207 3343 in
1232 3274 1335 3364 aliquo
1360 3301 1423 3344 non

321 3390 437 3453 fluente
451 3412 516 3453 esse
529 3369 702 3452 fundatam.

367 3506 420 3566 34.
445 3500 601 3578 Qnaeritur
615 3500 716 3578 tertio,
732 3521 771 3563 aa
786 3501 904 3563 duratio
918 3507 1001 3564 stoue
1014 3502 1055 3564 ait
1070 3501 1185 3584 aliquid
1197 3510 1337 3566 meatum.

368 3612 550 3697 Respondeo
573 3610 723 3695 negative.
769 3610 852 3673 Nam
876 3614 909 3674 1⁰
932 3610 1052 3675 duratio
1072 3621 1157 3675 stans
1176 3620 1222 3675 est
1240 3612 1423 3677 attributum

325 3726 415 3811 spatii
438 3723 579 3801 absoluti,
603 3721 779 3801 immobilis,
800 3721 939 3786 increati.
983 3723 1067 3807 Ergo
1089 3724 1196 3807 nequit
1221 3746 1289 3788 esse
1309 3723 1426 3809 aliquid

325 3846 469 3902 oreatum.
525 3838 559 3898 2⁰
582 3833 683 3898 Omne
706 3841 840 3897 ereetum
863 3832 949 3899 fluit:
973 3856 1046 3918 ergo
1069 3834 1189 3898 duratio
1211 3842 1296 3898 stans
1317 3836 1425 3921 nequit

326 3950 430 4013 creari.
475 3946 668 4011 Antecedens
682 3954 824 4023 constat3
847 3944 997 4029 siquidem
1014 3946 1115 4029 ipsum
1133 3946 1227 4009 creari
1245 3954 1292 4009 est
1308 3969 1347 4010 ex
1363 3969 1426 4010 non

326 4084 392 4125 esse
407 4061 501 4125 fluere
516 4059 555 4123 ad
570 4080 645 4122 esse.
700 4059 736 4121 3⁰
758 4056 890 4120 Duratio
905 4067 991 4121 stans
1010 4057 1087 4121 nihil
1107 4066 1154 4121 est
1174 4057 1257 4121 aliud
1277 4058 1338 4122 nisi
1356 4080 1427 4144 pos-

328 4172 456 4237 sibilitas
471 4172 609 4234 fluxuum
624 4170 817 4233 infinitorum
836 4168 1081 4253 producibilium.
1129 4168 1190 4233 Sed
1211 4170 1428 4254 possibilitates

327 4283 406 4347 nibil
430 4291 502 4345 sunt
527 4281 606 4345 reale
635 4290 720 4343 extra
746 4280 858 4343 Deum.
902 4280 987 4363 Ergo
1016 4289 1082 4343 tota
1109 4280 1230 4344 realitas
1260 4281 1428 4347 durationis

330 4396 439 4455 stantis
454 4403 499 4455 est
514 4392 546 4454 in
563 4391 626 4454 solo
641 4391 726 4454 Deo:
750 4399 780 4454 et
796 4391 839 4454 sio
854 4400 900 4454 est
915 4392 1049 4457 increata
1062 4402 1094 4455 et
1108 4392 1289 4459 increabilis.
