3200 4984
211 434 282 477 car.
301 412 370 497 111.]
533 435 574 476 nn
592 434 793 478 sussraurrn
809 435 988 479 consonas.
1246 418 1311 490 229
1361 457 1367 469 ·

255 605 396 668 Secundo
417 606 516 669 notari
539 614 648 689 potest,
664 606 748 690 quod
770 606 809 669 ab
831 606 889 670 hoc
910 613 1091 689 argumento
1106 615 1262 689 nequeunt
1278 630 1310 669 se

210 716 371 781 defendere
394 717 513 803 physici
534 741 588 802 per
610 717 693 781 illam
717 718 923 796 assertionem,
939 718 1022 801 qnod
1043 717 1111 781 ideo
1133 718 1231 781 aether
1247 740 1310 781 non

209 828 337 912 opponit
362 829 564 893 resistentiam
590 829 763 893 sensibilem
792 829 933 913 planetis,
957 830 1029 914 quia
1058 829 1129 893 licet
1158 830 1198 893 sit
1223 830 1310 895 valde

208 941 388 1024 repulsivus‚
413 950 457 1025 cst
487 950 583 1005 tamea
612 944 695 1006 valde
718 947 837 1007 ram*
882 943 963 1005 Nam
981 966 1018 1007 ex
1043 943 1091 1021 iis,
1107 965 1176 1027 quae
1199 942 1309 1007 docent

207 1052 301 1115 iidem
322 1052 440 1138 physici
460 1054 493 1116 in
513 1062 645 1118 tractatu
665 1054 702 1118 de
720 1054 796 1133 luce,
814 1034 944 1132 constat,
959 1054 991 1117 in
1007 1054 1200 1137 longitudine
1215 1054 1307 1117 unius

208 1163 377 1227 millinretri
399 1165 503 1228 haberi
518 1166 637 1230 circiter
651 1166 798 1229 ducentas
813 1152 1015 1229 oscillationes
1032 1165 1209 1244 luminosas,
1224 1164 1307 1229 ideo-

208 1296 267 1359 que
291 1276 398 1339 saltem
422 1276 567 1341 ducentas
588 1278 753 1362 particulas
776 1277 966 1341 oscillantes:
988 1276 1072 1342 unde
1089 1277 1123 1339 in
1137 1300 1200 1340 uno
1216 1276 1307 1340 milli·

206 1395 305 1451 metro
320 1386 427 1451 cubico
449 1398 522 1451 sunt
545 1388 651 1452 saltem
674 1397 742 1452 octo
765 1387 983 1471 particularum
1005 1388 1165 1452 milliones.
1209 1388 1251 1451 Et
1273 1388 1307 1451 in

207 1499 293 1563 omni
311 1522 392 1579 casu,
409 1501 516 1563 raritas
538 1523 601 1564 non
617 1500 739 1565 deberet
761 1500 956 1584 praeiudicare
971 1499 1143 1563 elasticitati
1158 1523 1304 1577 summae3

206 1620 401 1696 quapropter,
425 1621 539 1698 quanto
569 1613 663 1693 rarior
686 1614 870 1696 supponitur
892 1612 994 1685 aether,
1018 1620 1105 1676 tanto
1126 1612 1307 1676 intensiores

208 1724 284 1787 vires
306 1723 464 1807 repulsivas
485 1724 530 1787 illi
553 1733 626 1787 sunt
648 1724 858 1801 concedeudae,
882 1747 921 1787 ne
943 1723 1106 1788 elasticitas
1127 1734 1249 1809 pereat3
1274 1733 1306 1788 et

206 1833 274 1897 ideo
295 1834 368 1897 dum
384 1858 439 1919 per
454 1834 608 1898 raritatem
623 1844 759 1898 tentatur
774 1836 931 1918 responsio
946 1834 1127 1910 difficultati,
1144 1835 1306 1899 difficultas

205 1967 242 2008 ex
257 1954 343 2029 parte
358 1946 417 2010 alia
431 1948 615 2010 renascitur:
639 1957 669 2010 et
685 1948 726 2009 sic
742 1970 861 2030 semper
875 1948 1011 2011 manebit
1026 1948 1158 2011 maxima
1172 1947 1305 2032 repulsio

205 2055 238 2119 iu
253 2078 379 2141 corpora
394 2057 537 2135 ecclesiia,
548 2058 695 2142 quamdiu
715 2058 850 2121 manebit
866 2059 931 2121 haec
948 2060 1077 2122 maxima
1094 2058 1256 2123 elasticitas
1270 2081 1305 2122 ex

205 2167 321 2231 viribus
336 2168 493 2252 repulsivis
508 2181 584 2234 orta.

249 2280 352 2344 Tertio
368 2281 449 2345 idem
465 2282 591 2345 resultat
606 2304 641 2345 ex
657 2283 881 2365 comparatione
895 2282 1017 2346 aetheris
1033 2281 1072 2345 ad
1086 2286 1197 2345 aerem.
1222 2281 1303 2343 Nam

205 2392 347 2456 velocitas
369 2394 606 2457 transmissionis
630 2396 696 2457 soni
719 2394 750 2456 in
770 2400 839 2459 aere
861 2402 1055 2458 mensuratur
1077 2416 1131 2477 per
1152 2396 1217 2457 340
1239 2415 1302 2456 me-

204 2515 261 2567 tra.
306 2505 457 2568 Velocitas
469 2528 538 2569 vero
549 2505 786 2569 transmissionis
797 2506 875 2569 radii
884 2506 1031 2569 luminosi
1040 2513 1236 2568 mensuratur
1249 2527 1304 2588 per

204 2619 423 2695 300,000,000
443 2626 540 2681 metra
557 2618 674 2681 circiter
691 2640 747 2701 pro
763 2618 893 2701 singulis
908 2618 1036 2680 minutis
1051 2616 1201 2680 secundis.
1245 2616 1303 2679 Est

203 2750 277 2812 ergo
292 2729 389 2792 aether
403 2729 678 2813 incomparabiliter
693 2730 863 2814 promptior
877 2752 969 2814 quarn
984 2734 1036 2793 aer
1051 2729 1090 2792 ad
1105 2727 1301 2811 reagendum.

205 2840 308 2916 Quum
332 2850 434 2905 autem
452 2842 519 2905 haec
540 2841 753 2925 promptitudo
774 2842 814 2904 sit
841 2842 874 2905 in
898 2841 1014 2905 ratione
1038 2840 1152 2904 directa
1176 2840 1302 2924 propin-

201 2952 330 3036 quitatis
360 2961 390 3016 et
420 2952 604 3017 intensitatis
625 2953 735 3017 virium
764 2953 994 3037 repulsivarum,
1017 2951 1181 3015 dicendum
1210 2960 1301 3030 esset,

202 3066 349 3129 aetherem
372 3074 509 3129 constare
531 3064 668 3149 partibus
691 3065 969 3149 incomparabiliter
983 3064 1254 3148 propinquioribus
1268 3072 1300 3127 et

203 3175 429 3254 intensioribus,
439 3198 531 3259 quam
543 3176 604 3238 sint
616 3187 717 3259 partes
726 3176 813 3239 aeris.
838 3174 924 3238 Sicut
936 3197 1009 3257 ergo
1018 3179 1071 3237 aiir
1079 3174 1193 3238 resistit
1202 3174 1300 3237 motui

201 3310 373 3371 corporum,
392 3288 435 3349 ita
450 3285 572 3350 deberet
587 3286 683 3349 aethcr
697 3287 836 3349 resistere
850 3284 1125 3375 incomparabiliter
1140 3286 1248 3369 magis.

244 3400 374 3483 Propter
388 3398 444 3460 has
460 3397 651 3461 difficultates
661 3407 692 3461 et
707 3398 780 3461 alias
795 3397 918 3475 similes,
934 3406 1055 3461 coactus
1070 3419 1140 3460 sum
1155 3419 1299 3481 quaerere,

200 3521 305 3573 utrum
329 3508 394 3572 dari
408 3510 504 3592 possit
519 3509 619 3593 aliqua
642 3508 756 3593 species
770 3508 958 3573 elasticitatis
980 3530 1109 3573 summae
1123 3508 1156 3571 in
1172 3510 1298 3572 materia

200 3643 275 3705 pure
297 3619 465 3683 attractiva.
510 3619 633 3682 Etenim
656 3642 692 3682 ex
709 3641 770 3682 una
792 3629 878 3704 parte
893 3618 1076 3683 vibrationes
1097 3620 1174 3683 lucis
1195 3620 1297 3683 elasti-

107 3716 112 3733 i
198 3734 322 3796 citatem
346 3732 482 3814 exigunt,
508 3738 539 3795 et
563 3754 599 3795 ex
620 3730 679 3794 alia
700 3740 802 3795 motus
824 3730 1014 3815 planetarum
1039 3754 1101 3795 non
1124 3730 1296 3795 retardatus

197 3844 330 3908 excludit
345 3841 382 3906 ab
398 3843 508 3905 aethere
523 3841 672 3905 elementa
687 3841 848 3926 repulsiva.
894 3842 944 3905 Sic
959 3850 1061 3906 autem
1076 3864 1140 3905 rem
1155 3841 1295 3925 explicari

195 3976 285 4039 posse
300 3953 464 4018 arbitratus
480 3976 557 4016 sum.

230 4142 383 4195 *Nevvton
407 4140 492 4194 sensit
515 4138 677 4194 densitatem
700 4138 810 4193 aetheris
838 4156 895 4192 esse
925 4138 1021 4193 saltem
1050 4139 1164 4206 700,000
1186 4138 1291 4193 vicibus

193 4231 326 4284 minorem
351 4228 483 4282 densitate
507 4226 591 4295 adris3
617 4226 664 4280 sed
685 4225 742 4279 eius
761 4225 819 4279 vim
843 4225 980 4279 elasticam
1001 4224 1096 4279 debere
1116 4243 1173 4279 esse
1193 4227 1290 4280 saltem

191 4313 544 4385 490‚000,000‚000vicibus
564 4313 701 4382 maiorem,
715 4330 796 4383 quam
815 4330 876 4383 quae
895 4317 936 4365 est
955 4313 983 4365 in
1000 4315 1066 4366 aere.
1102 4312 1173 4366 Vide
1189 4313 1290 4382 Optices

192 4404 232 4456 lib.
246 4401 297 4455 III.
312 4406 398 4471 purast.
414 4400 447 4452 21
461 4405 484 4452 et
496 4399 537 4451 22.
