3200 4984
277 346 326 411 60¹
702 370 744 413 oa
762 368 947 412 rurucrrns
1222 348 1309 429 [cnr.
1327 366 1384 409 ιιι,

278 553 377 617 neque
396 540 443 597 est
462 530 682 611 substantialis,
697 554 754 597 nec
776 530 982 610 accidentalis,
999 529 1053 595 sed
1070 529 1219 595 naturalis
1233 539 1264 594 et
1279 553 1387 593 essen-1

277 643 368 707 tialis.
414 643 507 708 Ratio
526 651 582 720 est,
598 643 670 727 quia
690 643 782 708 datur
805 665 859 707 ens
882 642 1007 727 aliquod
1029 641 1187 711 innatura
1202 663 1314 718 rerum,
1331 642 1382 705 c'ui

277 754 479 819 essentialiter
501 763 532 819 et
554 754 734 819 naturaliter
756 754 898 819 convenit
920 776 984 818 non
1007 752 1107 817 solnm
1122 776 1188 819 esse
1203 753 1382 839 simpliciter

278 866 490 946 substantiam,
504 867 558 931 sed
569 867 733 931 essetulem
745 866 950 931 substantiam
961 865 1150 931 naturalem:
1173 874 1204 929 et
1219 865 1297 929 illud
1312 867 1387 944 tute,

277 978 348 1042 lieet
375 978 418 1042 sit
447 978 592 1043 accidens
609 976 791 1054 substantiaej
816 986 853 1041 ut
879 977 932 1056 sic,
951 998 1014 1041 non
1040 986 1086 1041 est
1112 985 1214 1041 tamen
1241 976 1381 1041 accidens

277 1098 397 1155 natnrae
411 1090 570 1155 cniusdam
585 1088 805 1155 substantialis.
852 1089 955 1153 Homo
970 1098 1072 1153 autem
1094 1097 1142 1151 est
1164 1088 1288 1173 quidem
1307 1088 1379 1152 sub-

278 1202 415 1280 stantia,
428 1202 481 1266 sed
510 1201 631 1287 duplex,
656 1211 688 1265 et
715 1201 748 1265 in
779 1223 873 1265 unam
903 1206 1045 1264 naturam
1075 1200 1274 1285 conspirans:
1300 1199 1381 1263 unde

277 1312 692 1397 accessioanimaeadcorpus
701 1312 880 1395 organicum
890 1333 954 1375 non
965 1320 1011 1375 est
1020 1310 1053 1374 id
1062 1310 1279 1396 propterquod
1288 1311 1386 1375 homo,

278 1431 325 1486 est
337 1422 520 1502 substantia,
530 1424 583 1488 sed
595 1433 641 1487 est
652 1423 825 1507 idlpropter
840 1422 923 1507 quod
938 1431 1068 1507 utraque
1083 1422 1255 1486 substantia
1269 1422 1304 1485 lit
1318 1444 1381 1485 nna

277 1545 387 1599 natura
403 1535 547 1615 bumana,
557 1535 590 1599 id
604 1544 651 1599 est
666 1535 779 1613 vivens,
791 1535 927 1599 sentiens
942 1543 972 1598 et
992 1534 1179 1618 intelligens.
1224 1534 1307 1618 Ergo
1322 1534 1381 1598 hoc

277 1646 394 1731 aliquid
416 1646 469 1709 dat
491 1646 673 1710 substantiae
692 1646 836 1709 existenti
858 1668 921 1709 non
945 1668 1010 1709 esse
1032 1644 1221 1730 simpliciter,
1240 1644 1294 1708 sed
1315 1668 1381 1708 esse

277 1758 469 1822 humanum:
492 1756 576 1841 quod
598 1780 663 1839 csse
683 1757 860 1821 'humanum
883 1766 931 1820 est
955 1779 1021 1821 esse
1041 1736 1208 1825 seeundum
1230 1756 1380 1841 'quidpro

279 1868 451 1932 substantia
464 1877 500 1931 nt
515 1868 568 1947 sic,
578 1890 654 1952 quae
668 1890 727 1932 uon
741 1870 852 1953 iudipet
867 1890 927 1933 esse
942 1871 1079 1947 bumana,
1091 1877 1126 1932 nt
1142 1868 1182 1933 sit
1197 1868 1387 1933 substantias

280 1981 340 2045 Sed
355 1981 382 2044 si
396 1990 505 2066 agatur
519 2003 581 2044 non
597 1981 634 2044 de
646 1980 818 2044 substantia
829 1989 864 2045 ut
876 1980 927 2059 sic,
941 1980 994 2044 sed
1005 1981 1043 2045 de
1055 1980 1225 2044 substantia
1234 1981 1379 2057 bumana,

279 2092 325 2156 vel
345 2093 448 2177 potius
468 2092 506 2167 ds
528 2093 638 2155 natura
655 2092 790 2156 humana
808 2101 989 2176 exsurgente
1005 2114 1040 2155 ex
1056 2092 1174 2156 duabus
1190 2092 1380 2171 substantiis,

278 2214 354 2269 tunc
375 2205 408 2269 id
421 2204 512 2289 vquod
534 2203 587 2267 dat
608 2206 675 2268 esse
696 2204 876 2267 humanum
890 2204 943 2267 dat
964 2203 1010 2268 illi
1024 2226 1089 2268 esse
1105 2203 1292 2288 simpliciter,
1308 2205 1381 2289 quia

278 2326 389 2381 natura
402 2317 537 2380 humana¹
552 2318 662 2400 iudipet
676 2318 738 2380 esse
751 2318 880 2379 humanu
894 2324 930 2379 ut
953 2316 992 2380 sit
1016 2324 1126 2379 natura
1149 2316 1295 2380 hnmana.
1339 2316 1381 2379 nt

279 2429 332 2509 sie,
343 2452 439 2513 quum
452 2427 574 2492 advenit
582 2428 685 2492 anima
696 2427 826 2512 corpori,
837 2450 923 2512 aeque
933 2427 993 2491 dici
1009 2431 1110 2512 potest
1120 2428 1204 2513 quod
1218 2436 1385 2512 generatur

278 2540 450 2604 substantia
468 2539 638 2623 secundum
656 2540 741 2624 quid,
757 2548 788 2603 et
806 2539 890 2624 quod
904 2548 1069 2622 generatur
1084 2539 1382 2624 homo'simpliciter.

277 2652 389 2731 Quare,
404 2652 527 2736 quando
541 2652 723 2715 &Thomas
738 2650 914 2719 concludit:
936 2660 1112 2734 sequeretur,
1123 2653 1201 2735 quod
1213 2655 1312 2717 uuimu
1323 2674 1381 2714 uon

277 2764 360 2827 duret
382 2786 442 2826 esse
462 2764 643 2846 simpliciter,
666 2762 884 2847 explicandum⁴
902 2772 957 2841 est,
981 2763 1065 2846 quod
1087 2763 1188 2827 anima
1210 2785 1273 2826 non
1296 2762 1381 2849 daret

278 2876 393 2957 corpori
407 2896 476 2937 esse·
488 2873 677 2957 simpliciter,
694 2873 779 2936 daret
794 2882 897 2955 tamen
913 2875 1024 2937 homiui
1038 2897 1103 2938 esse
1119 2874 1305 2959 simpliciter.
1329 2876 1380 2938 Et

278 2984 401 3068 quando
422 2983 526 3047 additi
553 2992 584 3063 et
596 3004 653 3068 per
671 3006 846 3066 comaqueus
865 3007 923 3048 uon
949 2990 1023 3048 esset
1039 2985 1143 3069 formu
1166 2986 1382 3063 substantialis,

278 3094 489 3178 explicandum
511 3103 568 3173 est,
584 3094 667 3178 qu'od
685 3116 747 3158 non
768 3101 847 3159 esset
868 3095 965 3159 forma
982 3095 1061 3159 dans
1076 3096 1210 3181 primum
1227 3118 1292 3159 esse
1307 3096 1382 3161 snb=

167 3210 170 3214 ’
279 3206 401 3272 stantiae
409 3228 572 3291 corporeae,
584 3205 638 3269 sed
649 3215 752 3269 tamen
764 3214 844 3269 esset
854 3206 951 3271 forma
963 3206 1039 3269 dans
1054 3208 1188 3291 primunr
1200 3202 1266 3271 esse
1276 3208 1382 3275 vivum

278 3319 405 3404 corpori,
428 3327 460 3382 et
481 3318 615 3403 primum
639 3340 704 3382 esse
726 3317 856 3383 homini.
908 3319 949 3381 Et
972 3318 1095 3403 quando
1121 3320 1205 3383 addit
1231 3320 1380 3384 rationem

278 3430 357 3513 quod
376 3453 436 3514 per
455 3430 607 3493 adveutum
629 3432 731 3493 uuimu
750 3452 810 3493 uon
832 3439 905 3494 esset
922 3433 1074 3513 ueneratio
1094 3430 1382 3515 simpliciter,'intel-

277 3541 436 3625 ligendum
451 3549 504 3605 est
526 3539 559 3604 id
581 3564 646 3605 esse
660 3546 782 3619 verum,
792 3541 819 3603 si
842 3550 951 3623 agatur
967 3541 1010 3605 'de
1026 3543 1221 3625 generatione
1236 3544 1380 3628 corporis,

278 3676 341 3718 non
363 3676 433 3717 vero
458 3653 484 3717 si
507 3662 616 3737 agatur
638 3652 676 3716 de
699 3652 896 3736 generatione
911 3652 1050 3731 viventis,
1070 3676 1124 3716 seu
1148 3653 1293 3717 hominis.
1339 3654 1380 3717 Et

278 3765 417 3844 similiter
428 3764 522 3829 ¹verba
542 3787 700 3849 nepueper
719 3767 781 3828 eius
800 3782 943 3827 recessum
963 3766 1110 3848 corruptio
1134 3764 1316 3847 simpliciter,
1331 3767 1383 3828 sed

277 3878 370 3943 solum
383 3878 537 3941 secuudum
552 3877 632 3959 quid,
648 3882 808 3953 veraesse,
825 3874 850 3937 si
866 3874 1021 3959 corruptio
1036 3874 1215 3960 simpliciter
1233 3875 1381 3940 referatur

161 4046 164 4054 .
277 3989 318 4054 ad
339 3989 545 4074 substantiam
568 3991 740 4071 corpoream
768 3986 882 4065 ut'sie,
899 4009 962 4050 non
986 3995 1088 4049 antem
1117 3986 1146 4050 si
1166 3986 1317 4054 referatur
1341 3987 1380 4051 ad

277 4100 438 4179 viventem,
462 4105 516 4163 seu
533 4098 711 4176 hominem;
734 4098 808 4181 quia
830 4097 909 4161 sicut
930 4098 1041 4161 animae
1061 4097 1214 4162 adventus
1230 4120 1295 4165 nou
1308 4097 1381 4163 facit

277 4213 432 4277 hominem
453 4210 620 4274 secundum
639 4210 724 4293 quid,
741 4210 794 4273 sed
813 4210 992 4294 simpliciter
1011 4232 1086 4289 esse,
1102 4209 1147 4273 ita
1163 4208 1229 4277 eius
1244 4233 1380 4275 recessus

176 4368 181 4376 ·
277 4346 339 4409 non
354 4323 426 4387 facit
441 4322 594 4387 hominem
613 4321 780 4384 secundum
797 4321 881 4405 quid,
899 4322 951 4385 sed
968 4321 1143 4405 simpliciter
1159 4323 1321 4406 eorrumpi.
1376 4382 1378 4385 .
