3200 4984
320 368 386 431 270
645 391 688 435 nn
704 393 825 436 narnus
840 392 1030 436 courruura.
1289 371 1374 455 [css.
1391 392 1416 433 1.

360 555 540 643 Respondeo
561 560 629 625 dist.
652 569 715 624 cat.
739 561 853 645 poterit
874 560 1021 625 constitui
1042 559 1166 643 ubique,
1185 560 1229 623 ita
1250 570 1365 637 tamen,
1380 568 1416 622 ut

317 689 386 731 suas
407 668 594 735 ubicationes
616 671 753 755 singulas
773 672 1001 737 circumscribat
1021 693 1181 755 perseam
1202 670 1415 746 substantiam,

318 786 411 843 trans.
426 791 488 845 out.
505 804 590 847 secus
605 806 670 867 nep.
693 792 755 848 out.
771 795 802 848 et
824 807 896 868 nepo
912 806 1025 867 conseq.
1070 783 1152 845 Nam
1180 786 1212 846 10
1226 784 1417 846 immensitas

318 912 382 956 non
402 892 475 958 dicit
495 903 618 959 tantum
638 918 703 960 csse
725 895 849 980 ubique,
865 896 919 961 sed
933 918 997 959 esse
1014 894 1128 981 ubique
1142 895 1316 979 incapacem
1330 917 1416 958 men·

317 1025 404 1082 surae,
427 1027 481 1069 seu
501 1006 619 1069 nullam
638 1006 749 1071 habere
771 1007 999 1091 proportionem
1022 1005 1062 1069 ad
1084 1027 1307 1089 quamcumque
1329 1026 1416 1069 men-

317 1138 426 1181 suram.
471 1119 581 1183 Petrus
593 1128 707 1198 autem,
719 1116 745 1183 si
757 1126 980 1204 supponeretur
991 1140 1057 1183 esse
1071 1118 1195 1202 ubique,
1207 1127 1287 1181 esset
1300 1117 1415 1201 ubique

315 1229 526 1295 mensurabilis
537 1257 548 1309 3
581 1240 660 1295 esset
685 1231 768 1295 enim
793 1230 908 1316 ubique
934 1253 1005 1294 cum
1031 1253 1086 1295 sua
1111 1230 1294 1310 extensione,
1321 1254 1414 1315 quarn

315 1341 407 1406 habet
432 1342 465 1406 in
488 1343 564 1422 loco,
580 1343 614 1406 in
638 1365 699 1427 quo
722 1364 806 1407 nunc
829 1351 896 1421 est;
918 1343 982 1406 haec
1005 1351 1108 1408 autem
1126 1353 1173 1407 est
1190 1342 1412 1407 mensurabilis.

315 1456 351 1517 2ο
373 1453 568 1518 immensitas
588 1476 650 1518 non
672 1455 871 1519 constituitur
890 1477 927 1518 ex
946 1453 1093 1533 discretis,
1110 1454 1163 1518 sed
1188 1464 1236 1519 est
1250 1455 1326 1539 quid
1340 1455 1413 1519 sim·

315 1565 524 1651 plicissimum,
540 1565 709 1631 virtualiter
737 1576 841 1631 tamen
870 1573 1029 1629 extensum
1058 1573 1089 1629 et
1118 1566 1287 1629 eminenter
1315 1567 1412 1630 conti-

315 1700 423 1757 nuum,
438 1678 465 1741 si
490 1678 533 1741 ita
555 1678 640 1762 loqui
664 1678 745 1741 licet.
791 1676 905 1741 Contra
930 1698 1040 1761 corpus
1055 1676 1138 1739 Petri
1164 1685 1211 1741 est
1234 1698 1333 1739 massa
1352 1676 1413 1740 ele·

315 1796 489 1855 mentorum
510 1790 763 1854 constituentium
785 1788 991 1872 quantitatem
1015 1787 1186 1865 discretam,
1207 1810 1286 1871 quae,
1313 1810 1408 1871 quan-

315 1899 428 1963 tumvis
442 1900 658 1979 multilocetur,
673 1922 736 1963 non
758 1900 926 1964 constituet
947 1898 1070 1982 aliquod
1092 1899 1283 1963 continuum.
1330 1899 1411 1963 Hinc

314 2014 350 2075 3⁰
361 2012 464 2095 negari
478 2020 578 2096 potest
593 2012 684 2076 etiam
700 2012 839 2076 absolute
854 2010 1057 2089 antecedens3
1081 2010 1154 2095 quia
1168 2011 1194 2075 si
1209 2010 1318 2076 Petrus
1340 2033 1410 2075 con·

316 2125 494 2188 stitueretur
509 2124 632 2209 ubique,
647 2124 889 2208 unumquodque
903 2122 1089 2187 elementum
1104 2123 1237 2207 corporis
1251 2123 1317 2186 eius
1334 2133 1412 2187 esset

315 2236 438 2320 ubique,
454 2244 485 2299 et
506 2236 668 2299 haberetur
688 2236 816 2300 materia
837 2236 992 2313 continua,
1008 2258 1076 2319 quae
1093 2234 1231 2298 absolute
1249 2245 1409 2319 repugnat.

316 2348 384 2413 Hoc
406 2356 508 2413 tamen
530 2348 745 2413 inconveniens
766 2370 832 2411 non
854 2348 991 2432 sequitur
1012 2370 1048 2411 ex
1070 2346 1200 2431 simplici
1222 2346 1410 2411 bilocatione.

317 2460 378 2525 Sed
403 2460 469 2525 haec
495 2460 532 2523 de
557 2458 590 2524 ie
615 2460 690 2524 adeo
715 2458 863 2523 ineffabili
892 2458 1052 2537 sufficiant,
1077 2480 1141 2522 non
1169 2457 1209 2521 ad
1237 2458 1412 2523 solvendam

315 2572 526 2657 quaestionem,
543 2572 596 2636 sed
611 2571 650 2635 ad
665 2571 840 2635 exercitium
856 2569 1046 2654 disputandi.

358 2687 411 2749 28.
436 2683 591 2760 Quaeritur
617 2682 854 2767 decimoquarto,
870 2703 928 2764 quo
953 2682 1054 2744 ordine
1076 2682 1268 2763 acquirantur
1289 2704 1309 2745 c
1330 2683 1413 2745 nobb

315 2797 385 2862 ideae
399 2797 464 2875 loci,
479 2797 580 2879 spatii,
595 2796 781 2873 catenensis,
796 2794 955 2871 distentia,
970 2793 1153 2855 ubicutioais.
1255 2818 1258 2825 ·

359 2906 549 2991 Respondes,
564 2905 698 2990 primum
722 2904 846 2968 initium
859 2903 938 2988 ,fieri
963 2902 1001 2965 ab
1018 2901 1257 2985 apprehensione
1277 2901 1412 2966 sensibili

315 3039 485 3102 corporum,
502 3016 719 3101 distinguendo
741 3038 839 3079 unum
862 3014 900 3077 ab
922 3014 1017 3077 altero
1038 3035 1092 3097 per
1110 3012 1267 3076 distinctas
1284 3014 1410 3097 impres-

315 3129 460 3193 sioneset
476 3128 619 3193 distincta
632 3128 868 3213 phantasmata;
890 3126 963 3190 hine
977 3125 1059 3189 enim
1073 3124 1203 3188 habetur
1213 3125 1411 3209 apprehensio

316 3240 498 3305 extensionis
513 3239 673 3318 sensibilis,
690 3262 782 3323 quam
797 3238 884 3323 pueri
901 3237 991 3321 (sicut
1006 3244 1036 3299 et
1057 3236 1160 3319 bruta)
1177 3236 1319 3300 videntur
1332 3238 1411 3301 aesti-.

317 3375 399 3417 mare
418 3375 455 3416 ex
473 3360 560 3415 motu
581 3350 638 3415 sibi
656 3350 825 3415 necessario
839 3349 950 3413 adhoc
964 3356 1000 3413 ut
1015 3347 1053 3411 ab
1068 3370 1130 3412 una
1145 3348 1333 3411 extremitate
1346 3372 1411 3414 cor·

315 3464 398 3550 poris
414 3464 458 3528 ad
480 3463 570 3527 aliam
591 3462 777 3547 pertingant,
800 3460 863 3525 sive
884 3460 1050 3544 tangendo,
1069 3459 1130 3523 sive
1152 3460 1334 3543 aspiciendo,
1351 3464 1412 3526 sive

316 3576 511 3641 ambulando.
557 3575 639 3639 Hinc
661 3573 785 3637 discunt
809 3570 1015 3636 extensionem
1037 3570 1182 3634 maiorem
1198 3570 1245 3633 vel
1263 3570 1412 3635 minorem

315 3712 352 3753 ex
373 3688 486 3755 maiore
501 3687 547 3752 vel
570 3688 685 3751 minore
707 3683 886 3749 necessitate
906 3691 1020 3761 motus,
1043 3704 1136 3765 quam
1158 3681 1197 3744 ad
1217 3681 1276 3745 hoc
1298 3684 1411 3767 experi-

315 3812 431 3868 untur:
454 3809 485 3865 et
506 3800 578 3885 quia
598 3798 683 3862 illam
705 3796 912 3862 extensionem
933 3801 1114 3869 concretam,
1135 3816 1189 3857 seu
1210 3792 1288 3857 illud
1309 3803 1411 3858 exten·

314 3939 393 3994 sum,
408 3920 589 3999 percurrunt
607 3933 661 3996 per
682 3918 802 3974 motum
824 3908 1006 3973 continuum
1026 3905 1088 3970 sive
1106 3927 1226 3984 manus,
1242 3904 1305 3969 sive
1321 3906 1411 3985 oculi,

316 4028 378 4092 sive
398 4026 494 4111 pedis,
517 4023 585 4088 ideo
606 4021 841 4107 apprehendunt
861 4017 1067 4083 extensionem
1088 4038 1263 4101 corpoream
1284 4027 1319 4082 ut
1341 4040 1413 4084 con·

315 4139 445 4216 tinuam,
456 4144 579 4220 excepto
591 4156 672 4212 casu,
682 4133 765 4217 quod
780 4129 963 4214 interruptio
978 4127 1130 4193 sensibilis
1145 4137 1286 4214 appareat
1299 4129 1334 4193 in
1349 4152 1413 4194 cor·

315 4273 397 4335 pore.
441 4248 543 4312 Tertio
566 4268 621 4330 per
645 4243 820 4309 ulteriorem
846 4241 1060 4326 experientiam
1080 4240 1276 4323 cognoscitur
1296 4241 1411 4326 aliquid

314 4362 407 4424 latere
425 4358 481 4422 sub
503 4355 658 4441 superficie
680 4354 816 4419 sensibili
835 4375 1006 4437 corporum,
1021 4362 1053 4416 et
1070 4375 1126 4436 per
1145 4362 1264 4416 motum
1278 4355 1411 4439 corporis
