3200 4984
243 395 315 439 cnr.
328 374 384 459 ru]
439 365 477 437 '.
561 396 604 439 na
620 394 822 440 soasrsurra
836 395 1019 439 coaroaas.
1274 377 1336 440 1⁷1

285 560 419 625 Notatur
433 568 552 646 quarto.
572 560 614 626 -Si
632 562 694 625 T:
704 558 749 641 1¹,
768 562 870 627 veniet
889 584 925 627 ex
944 584 1050 627 eorum
1067 561 1204 627 valorum
1218 580 1338 647 expres-

243 672 386 738 sionibus-

541 759 718 851 wuulna
739 756 985 852 .⁰'..2“.2⁰'.

541 845 985 927 ῖ·ῖι’··ῐ·ῑ’“ἓῦ“ἶῧ’

243 1008 330 1075 idest
344 1009 378 1074 in
393 1008 512 1073 duobus
527 1008 742 1095 systematibus
755 1008 924 1075 isocbronia
933 1010 1011 1076 ratio
1021 1009 1131 1075 virium
1142 1008 1235 1073 nnius
1246 1022 1293 1073 est
1301 1006 1341 1073 ad

243 1121 391 1185 rationem
404 1119 514 1185 virium
528 1117 664 1198 alterius,
679 1118 758 1184 sicut
771 1121 851 1185 ratio
864 1120 1103 1206 amplitudinum
1117 1118 1340 1185 oscillationum

243 1232 277 1296 in
292 1231 390 1317 primo
405 1238 452 1296 est
466 1230 506 1295 ad
519 1230 668 1295 rationem
678 1230 918 1315 amplitudinum
927 1232 961 1297 in
973 1230 1107 1297 secundo
1117 1256 1124 1296 ι
1147 1230 1196 1295 vel
1207 1228 1339 1309 brevius,

244 1344 375 1409 rationes
390 1342 500 1408 virium
515 1351 588 1407 sunt
603 1342 716 1407 directe
730 1351 766 1407 ut
780 1343 912 1409 rationes
926 1344 1174 1430 amplitudinum.

289 1455 423 1521 Notatur
436 1454 556 1541 quinto.
580 1454 614 1518 Si
628 1478 656 1519 ro
670 1454 710 1519 sit
730 1452 806 1523 adeo
827 1477 941 1541 magna
954 1456 1078 1521 relative
1092 1455 1131 1520 ad
1144 1478 1173 1534 o,
1187 1462 1224 1518 ut
1237 1460 1341 1519 motus

245 1566 353 1652 puncti
367 1567 397 1629 B
410 1566 507 1651 possit
521 1564 626 1631 haberi
639 1588 695 1651 pro
710 1566 806 1646 nullo,
821 1575 897 1634 tunc
910 1569 944 1634 in
958 1568 1111 1634 valoribos
1129 1565 1237 1652 Tponi
1250 1564 1341 1631 debet

246 1681 339 1759 o=0,
355 1687 386 1743 et
400 1678 501 1743 veniet

449 1817 511 1877 T‘
478 1764 791 1943 aas&
765 1790 793 1831 π
872 1761 1139 1945 *as-³⁵

247 2002 301 2089 qui
315 2001 397 2068 valor
411 2011 457 2067 est
472 2002 633 2068 dimidium
644 2004 754 2069 valoris
768 2005 910 2070 obtenti
901 2029 934 2071 m
948 2003 1131 2092 praecedenti
1144 2002 1342 2089 problemate,

246 2114 378 2181 formula
395 2115 460 2200 (4):
483 2122 514 2179 et
528 2115 691 2200 respondet
706 2117 798 2181 etiam
813 2116 901 2183 alteri
914 2116 1087 2205 hypothesi,
1102 2117 1136 2180 in
1150 2137 1212 2201 qua
1230 2137 1342 2200 suppo·

248 2234 372 2291 neretur
385 2236 535 2313 punctum
550 2229 582 2291 B
595 2228 690 2292 fixum
704 2229 841 2315 quolibet
861 2230 921 2294 alio
937 2228 1119 2309 modo-etsi
1141 2249 1204 2292 non
1223 2234 1302 2292 esset
1316 2250 1343 2291 w

249 2338 324 2403 adeo
338 2361 451 2422 magna
464 2339 557 2405 relate
572 2340 612 2404 ad
625 2363 653 2404 o.

294 2453 346 2516 73.
368 2449 523 2527 Quaeritur
531 2472 613 2515 nono
628 2451 748 2535 effectus
760 2454 885 2517 actionis
893 2453 1025 2517 elementi
1038 2452 1190 2517 attractioa'
1202 2452 1235 2514 io
1248 2449 1344 2533 repul·

248 2564 354 2643 noum,
369 2565 473 2627 civice
486 2585 582 2628 versu

294 2674 475 2759 Respondeo
489 2674 639 2760 triplicem
654 2697 720 2739 esre
737 2698 852 2755 casum,
868 2687 959 2761 prout
976 2675 1169 2742 attractivum
1184 2682 1231 2739 est
1250 2693 1344 2757 aeque,

250 2785 298 2851 vel
312 2786 419 2871 magis,
434 2786 482 2851 vel
496 2786 599 2851 minus
612 2786 770 2852 intensum
780 2786 942 2873 repulsivo.

295 2897 398 2962 Primo
427 2919 501 2982 ergo
528 2906 661 2983 ponatur
685 2901 717 2962 A
739 2881 933 2964 attractivum
957 2898 1022 2983 (fig.
1045 2900 1079 2983 4)
1103 2896 1220 2982 aequale
1244 2894 1346 2981 repul·
1403 2933 1408 2943 ·

252 3008 315 3076 sivo
329 3010 370 3073 R.
415 3008 521 3086 Quum
543 3010 680 3075 activitas
701 3010 809 3096 puncti
830 3011 861 3074 A
883 3032 946 3075 non
968 3018 1141 3075 exerceatur
1160 3008 1194 3072 in
1215 3009 1247 3072 R
1263 3005 1346 3071 utin

253 3142 357 3205 agens,
373 3120 427 3185 sed
441 3131 477 3185 ut
491 3120 525 3184 in
539 3121 668 3207 patiens,
684 3122 824 3186 attractio
839 3122 946 3207 puncti
960 3122 992 3186 A
1007 3120 1132 3186 habebit
1148 3142 1240 3185 suum
1259 3118 1346 3184 effec-

253 3240 321 3296 tum
341 3232 454 3297 realem
468 3232 502 3297 in
515 3234 548 3297 R
561 3255 624 3298 non
644 3232 784 3298 obstante
804 3234 869 3298 eius
883 3235 914 3298 vi
931 3234 1092 3319 repulsiva,
1112 3240 1143 3297 et
1162 3239 1302 3296 centrum
1316 3231 1347 3294 R

253 3352 379 3429 propter
403 3366 488 3409 suam
512 3344 728 3430 passivitatem,
758 3344 879 3410 obediet
908 3367 977 3409 cum
1003 3368 1124 3409 summa
1145 3342 1348 3408 indifferentia

253 3455 365 3520 actioni
387 3455 563 3536 attractiva,
581 3456 746 3541 tendetque
759 3478 863 3521 versus
882 3456 984 3521 locum
1003 3456 1036 3520 in
1051 3477 1113 3541 quo
1128 3464 1174 3520 est
1189 3456 1231 3522 A.
1277 3452 1347 3533 Sed,

253 3590 324 3633 cum
337 3568 384 3632 vis
398 3567 549 3653 repulsivas
563 3567 705 3632 elementi
720 3568 751 3629 R
765 3568 871 3631 eodem
885 3577 1022 3653 tempore
1036 3576 1208 3632 exerceatur
1218 3566 1251 3629 in
1265 3567 1297 3629 A
1312 3573 1348 3629 ut

253 3680 287 3744 in
302 3680 468 3759 materiam,
484 3679 617 3766 repulsio
635 3678 759 3745 habebit
779 3680 920 3744 effectum
942 3680 1063 3759 realem,
1085 3701 1149 3743 non
1164 3676 1349 3742 obstantevi

201 3782 205 3791 ’
253 3793 410 3857 attractiva
430 3792 539 3876 puncti
559 3792 600 3872 A,
622 3800 654 3857 et
676 3800 814 3857 centrum
837 3794 868 3855 A
889 3800 1013 3877 propter
1035 3814 1121 3858 suam
1142 3790 1348 3876 passivitatem

254 3904 375 3969 obediet
396 3904 573 3989 repulsioni,
593 3904 736 3970 recedens
755 3927 860 3969 versus
879 3902 929 3967 A'.
975 3902 1080 3980 Quum
1106 3912 1210 3969 autem
1235 3922 1347 3988 suppo-

255 4016 414 4097 suerimus,
433 4016 498 4081 baec
520 4015 581 4081 duo
599 4016 748 4082 elementa
769 4038 835 4081 esse
852 4016 976 4102 aequalis
994 4016 1191 4097 intensitotis,
1211 4016 1349 4102 sequitur

254 4137 373 4194 motum
388 4127 563 4193 eorumdem
577 4128 642 4194 fore
656 4128 783 4214 aequalia
797 4128 982 4208 velocitatis3
1005 4137 1036 4194 et
1050 4136 1165 4214 puncta
1178 4130 1209 4193 A
1224 4136 1256 4193 et
1269 4129 1301 4192 R
1314 4128 1348 4191 in

255 4262 310 4304 suo
331 4247 420 4305 motu
440 4240 648 4305 translationis
670 4263 688 4305 a
706 4239 828 4305 dextera
848 4240 888 4305 ad
910 4238 1063 4305 sinistram
1084 4241 1149 4306 fore
1170 4262 1290 4327 semper
1310 4239 1350 4304 ad

255 4352 392 4418 eamdem
408 4336 595 4433 distantiam,
612 4352 637 4417 si
651 4352 736 4417 nulla
750 4351 809 4417 alia
823 4352 901 4418 actio
916 4352 1118 4439 superveniat.
