3200 4984
285 359 329 422 24
703 383 746 426 ux
761 382 948 427 rarucrrus
1244 360 1332 444 [car.
1347 379 1389 434 ιι,

286 543 330 608 ita
349 542 469 608 videtur
493 544 577 630 quod
604 546 826 612 considerando
850 570 909 611 aaa
934 569 985 610 erra
1013 545 1176 624 relativam,
1202 543 1286 630 qnod
1314 567 1388 609 cou-

287 655 416 720 vertitur
434 677 504 720 cum
525 655 747 736 materialitate,
764 666 923 743 tamquam
945 679 996 721 eras
1017 657 1272 740 vettonia‘posaet
1287 655 1390 720 adhuc

288 767 390 851 ipsum
401 766 460 832 hoc
471 789 526 831 ens
537 767 664 832 rationis
676 768 756 832 sumi
771 791 828 853 pro
843 790 964 852 genere,
979 775 1011 832 et
1025 766 1123 832 forma
1137 787 1192 851 pro
1202 765 1390 830 differentia.

290 878 351 942 Sed
365 900 421 942 nec
435 877 494 944 hoc
509 878 665 944 satisfacit.
710 881 804 958 Nam,
819 879 891 945 licet
905 901 960 944 ens
971 877 1099 944 rationis
1113 885 1216 962 posset
1224 899 1391 962 repraesen-

289 998 353 1054 tare
368 1012 466 1074 genus
482 989 735 1076 metaphysicum,
751 991 852 1055 adhuc
867 991 965 1056 forma
978 1011 1042 1054 non
1056 996 1170 1074 posset,
1186 988 1219 1052 in
1236 994 1388 1072 quantum

289 1101 368 1181 talis,
393 1101 538 1166 inducere
562 1102 763 1166 differentiam
793 1101 873 1166 circa
901 1100 1106 1166 actuationem
1135 1097 1288 1176 materiae3
1317 1096 1392 1182 quia

289 1212 390 1277 omnis
404 1213 502 1277 forma
517 1211 727 1279 substantialis
743 1213 794 1278 dat
811 1212 946 1297 primum
960 1234 1036 1291 esse,
1052 1234 1108 1276 seu
1120 1232 1186 1275 esse
1200 1207 1390 1294 simpliciter,

290 1324 373 1410 quod
387 1332 434 1390 est
449 1325 481 1388 in
504 1323 693 1404 indivisibili,
708 1323 816 1390 saltem
837 1345 893 1408 pro
910 1322 1048 1402 materia,
1062 1343 1160 1408 quum
1182 1320 1309 1385 materia
1326 1341 1390 1383 non

288 1435 400 1500 habeat
415 1444 517 1500 actum
533 1435 746 1514 intrinsecum,
762 1435 816 1499 sed
831 1442 953 1500 tanturn
968 1434 1206 1513 terminativum,
1220 1440 1257 1496 nt
1272 1431 1390 1506 dictum

289 1555 346 1613 est.
391 1547 508 1632 Nequit
522 1569 596 1630 crgo
610 1546 708 1610 forma
723 1555 850 1610 aetuans
865 1546 1036 1631 specificare
1052 1544 1210 1610 materiam
1224 1550 1390 1620 actuatam,

288 1660 333 1724 ita
346 1667 382 1723 ut
397 1680 459 1723 una
474 1659 600 1723 materia
615 1665 737 1722 actuata
751 1657 871 1722 differat
886 1656 1055 1722 secundum
1074 1678 1108 1720 sc
1124 1654 1162 1719 ab
1182 1654 1242 1719 alia
1263 1653 1395 1719 materia

289 1777 420 1834 actuata.
465 1768 601 1846 Additur
614 1769 769 1834 secandum
779 1791 821 1847 ae,
836 1767 869 1832 id
879 1776 926 1832 est
936 1766 1247 1850 sccundumspeciem
1256 1765 1394 1829 materiae

289 1889 428 1959 actuatae,
440 1881 512 1965 quia
523 1879 650 1945 materia
665 1887 786 1944 actuata
800 1890 837 1942 ut
852 1879 895 1943 sic
910 1887 957 1943 est
971 1877 1063 1943 unica
1077 1875 1202 1962 species.
1225 1875 1390 1940 Indiuidua

288 2015 358 2056 vero
383 1991 477 2055 huius
501 1989 611 2074 speciei
634 2000 708 2054 sunt
734 1989 857 2076 singula
882 1989 1042 2069 elementa,
1056 1989 1089 2053 in
1104 1987 1216 2075 quibus
1230 1986 1394 2073 passivitas
1449 2013 1451 2016 ⁴

288 2101 377 2166 realis
392 2108 496 2164 motus
511 2100 570 2164 erit
584 2100 710 2164 omuino
721 2101 838 2180 eadem,
850 2099 890 2164 ob
901 2100 1108 2186 aequalitatem
1117 2100 1251 2164 materiae
1261 2107 1395 2164 actuataes

289 2211 458 2276 secundum
481 2234 513 2276 ae
535 2211 742 2290 considerata,
761 2211 899 2276 activitas
920 2234 1001 2292 vcro,
1023 2212 1070 2277 vel
1092 2211 1190 2276 virtus
1211 2211 1395 2298 productiva

288 2332 391 2388 motus
405 2322 517 2407 poterit
532 2345 597 2387 esre
609 2323 726 2387 diversa
738 2323 906 2387 secundum
918 2323 1017 2407 magis
1032 2331 1064 2387 et
1078 2323 1190 2402 minus,
1202 2346 1259 2408 pro
1273 2323 1391 2391 diversa

288 2433 474 2518 perfectione
488 2432 639 2497 intensiva
653 2433 767 2497 formoe.
807 2433 883 2498 Haec
897 2433 979 2497 enirn
995 2434 1113 2500 diversa
1126 2435 1271 2519 perfectio
1285 2435 1391 2499 formae

289 2545 455 2608 secundum
479 2544 662 2608 intensivam
677 2546 822 2609 virtutem
845 2544 990 2609 motivam
1011 2568 1074 2610 non
1097 2546 1190 2610 habet
1211 2546 1389 2610 relationem
1465 2615 1469 2622 ,

288 2656 328 2721 ad
350 2678 436 2723 suam
459 2655 616 2719 materiam
643 2656 736 2737 (hanc
757 2657 839 2720 enim
862 2678 982 2721 movere
1004 2657 1121 2742 nequit,
1145 2665 1181 2721 ut
1203 2657 1320 2722 dictum
1342 2665 1391 2722 est

289 2788 383 2848 supra
392 2787 423 2830 n.
438 2767 482 2848 7),
496 2765 549 2830 sed
559 2764 598 2829 ad
612 2766 752 2843 alienam,
766 2766 797 2828 in
813 2789 906 2852 quam
922 2767 1112 2833 solummodo
1126 2769 1255 2834 exerceri
1269 2777 1390 2854 potest:

289 2897 362 2959 ergo
377 2876 443 2939 eius
458 2876 553 2939 maior
568 2876 615 2940 vel
630 2877 730 2941 minor
746 2875 907 2942 intensitas
925 2901 988 2943 non
1006 2881 1137 2945 refertur
1159 2881 1197 2944 ad
1215 2889 1317 2945 actum
1340 2881 1389 2945 in'-

288 2985 438 3050 formandi
451 3009 539 3049 suam
551 2986 719 3065 materiam,
732 2987 785 3050 sed
801 2998 848 3052 cst
862 2989 978 3074 aliquid
990 2990 1165 3055 absolutum
1180 2991 1214 3057 in
1228 2992 1390 3071 elemento,

288 3099 359 3162 licet
383 3097 532 3162 diversam
554 3097 733 3162 relationem
758 3099 838 3164 dicat
861 3110 945 3165 extra
967 3101 1163 3168 elementum.
1210 3104 1269 3184 Sic,
1285 3105 1311 3168 si
1326 3105 1391 3168 sint

290 3210 357 3273 duae
389 3210 502 3273 chartae
534 3208 700 3293 inaequales
734 3211 947 3295 amplitudine,
981 3214 1035 3278 sed
1070 3215 1218 3280 habentes
1253 3215 1389 3280 foramen

290 3321 415 3384 omnino
438 3319 565 3405 aequale,
580 3320 624 3384 ita
639 3343 671 3384 ae
685 3321 810 3386 habebit
827 3324 954 3388 materia
971 3347 989 3388 a
1006 3325 1104 3389 forma
1124 3327 1287 3390 intensiore
1305 3337 1392 3393 actu·.

290 3442 339 3496 ata
355 3433 394 3497 ad
410 3435 567 3497 materiam
590 3442 742 3498 actuatam
765 3435 864 3499 forma
886 3435 988 3499 minus
1010 3436 1131 3500 intensa
1153 3437 1232 3502 sicut
1253 3439 1390 3504 foramen

291 3545 423 3609 existens
445 3546 477 3608 in
500 3547 605 3609 charta
626 3546 731 3611 latiore
753 3547 791 3610 ad
815 3547 951 3611 foramen
974 3547 1105 3611 existens
1119 3548 1151 3611 in
1167 3550 1272 3614 charta
1286 3551 1390 3616 minus

290 3657 350 3722 lata
362 3682 371 3734 ;
408 3657 466 3720 erit
491 3657 631 3721 videlicet
660 3657 823 3742 utrobique
851 3661 928 3722 ratio
957 3659 1153 3744 aequalitatis.
1197 3662 1301 3746 Atque
1325 3663 1390 3729 haec

292 3769 404 3852 paritas
420 3768 497 3832 bene
515 3768 675 3848 subsistit;
698 3769 776 3832 sicut
795 3770 876 3833 enim
893 3769 1069 3834 indifferens
1083 3781 1130 3835 est
1145 3772 1184 3836 ad
1198 3773 1390 3840 existentiam

292 3879 449 3944 foraminis
469 3880 564 3942 maior
579 3879 624 3944 vel
642 3879 741 3943 minor
755 3878 887 3944 latitudo
902 3881 1023 3960 chartae,
1040 3881 1083 3944 ita
1098 3882 1274 3948 indifferens
1288 3897 1336 3949 est
1351 3886 1390 3950 ad

292 3990 545 4062 existentiamvcl
559 3989 762 4054 actuationem
777 3991 912 4055 materiae
931 3992 1027 4056 maior
1042 3993 1089 4056 vel
1108 3993 1209 4057 minor
1228 3994 1389 4062 intensitas

292 4101 454 4165 activitatis
469 4099 613 4184 potentiae
628 4101 732 4164 activae
748 4101 786 4165 ad
801 4110 894 4166 extra.
940 4103 1022 4166 Nam
1039 4103 1117 4167 sicut
1129 4105 1234 4171 charta
1254 4130 1315 4172 non
1338 4109 1390 4175 dat

291 4237 356 4276 csse
378 4212 518 4275 foramini
540 4234 594 4296 per
617 4235 704 4275 suam
726 4212 971 4296 amplitudinem,
987 4215 1030 4278 ita
1052 4214 1154 4280 forma
1175 4241 1237 4283 non
1256 4219 1309 4284 dat
1324 4245 1390 4286 esse

291 4323 423 4386 materiae
439 4345 492 4406 per
507 4322 713 4386 intensitatevn
726 4323 769 4386 vis
781 4324 895 4404 activae,
908 4325 961 4389 sed
976 4337 1144 4410 peractum
1157 4353 1245 4395 suum
1259 4334 1389 4413 essendi,
