3200 4984
281 340 346 404 134
606 364 649 407 na
665 362 872 409 snasrsnrrs
888 360 1073 407 corrosas.
1239 336 1326 427 [car.
1343 362 1384 406 rr.

280 503 365 589 quod
381 515 533 591 repugnat
556 506 647 573 unico
668 504 819 593 principio
840 504 989 591 simpliei3
1013 504 1067 571 sed
1086 504 1144 584 lex,
1165 526 1233 590 quae
1247 504 1383 590 ponitur,

281 614 373 680 debet
401 638 468 681 esse
497 616 596 702 magis
620 618 786 702 complexa,
813 625 850 681 ut
872 616 970 702 possit
995 615 1179 681 sensibiliter
1202 615 1385 701 respondere

281 726 453 793 actionibus
476 728 510 793 in
538 730 657 795 ratione
679 728 799 794 inversa
822 728 978 813 quadratas
1001 727 1164 807 distantiae,
1190 726 1313 812 quando
1338 726 1385 791 di-

282 839 396 904 stantia
409 848 456 905 est
471 840 577 921 maior,
593 849 624 905 ct
639 840 758 907 altioris
773 840 929 925 potentiae,
945 838 1070 924 quando
1084 846 1131 903 est
1146 837 1282 902 minima.

313 950 508 1037 ‘Respondeo
521 954 656 1037 mundo
669 952 728 1017 boc
748 950 791 1015 ita
810 973 884 1016 esse.
931 950 1014 1014 Nam
1034 949 1091 1028 lex,
1107 948 1276 1013 seeundum
1290 970 1384 1032 quam

282 1060 349 1145 agit
369 1039 557 1148 priiscipium
579 1062 718 1149 simplex,
742 1062 833 1128 debet
864 1083 931 1126 esse
956 1058 1190 1145 simplicissima,
1213 1081 1276 1124 non
1301 1080 1385 1123 com-

280 1171 386 1257 plexa:
408 1181 440 1237 ct
453 1172 587 1239 formula
606 1173 778 1259 exprimens
792 1172 886 1239 talem
906 1171 1005 1257 legem
1020 1193 1084 1235 non
1099 1170 1190 1235 debet
1204 1169 1384 1255 dependere,

281 1281 342 1347 nisi
366 1305 403 1349 ex
425 1284 604 1351 intensitate
626 1285 672 1350 vis
698 1306 766 1369 quse
791 1283 963 1369 applicatur
985 1280 1103 1363 mobili,
1125 1290 1157 1346 et
1180 1304 1217 1345 ex
1239 1280 1386 1345 distantia

281 1396 391 1480 puncti
418 1395 648 1482 applicationis:
681 1417 780 1482 quum
800 1395 924 1459 nullum
955 1394 1040 1460 aliud
1061 1392 1189 1477 cogitari
1218 1393 1315 1478 possit
1337 1392 1385 1456 in-

281 1504 381 1571 fluens
403 1506 438 1571 in
463 1506 696 1592 productionem
720 1514 834 1571 motus.
890 1504 973 1581 Quia
992 1526 1063 1569 vero
1077 1504 1175 1569 virtus
1195 1504 1241 1568 vis
1263 1503 1385 1589 agentis

281 1624 371 1682 tanto
392 1618 492 1701 magis
522 1618 678 1703 spargitur
692 1617 742 1701 (ex
763 1624 874 1681 natura
895 1615 951 1700 rei)
976 1622 1093 1701 quanto
1122 1614 1222 1699 magis
1244 1624 1385 1681 crescunt

282 1728 456 1813 superficies
480 1729 677 1814 sphaerarum,
700 1729 748 1794 vel
771 1727 921 1814 quadrata
944 1727 1171 1808 distantiarum,
1190 1727 1268 1807 ideo,
1291 1735 1327 1791 ut
1349 1750 1386 1793 ex

282 1837 313 1903 vi
332 1837 484 1923 applicata
497 1848 622 1904 eruatur
635 1839 743 1918 virtus,
758 1860 852 1923 quam
872 1845 990 1902 exercet
1013 1836 1047 1902 in
1066 1845 1156 1901 motu
1177 1836 1386 1922 producendo,

281 1948 472 2015 instituenda
494 1958 541 2014 est
564 1951 722 2036 proportio
741 1950 822 2015 inter
836 1949 981 2015 virtudem
998 1971 1066 2034 quae
1088 1958 1243 2013 exercetur
1256 1948 1296 2013 ad
1315 1950 1386 2013 uni·

283 2069 380 2125 tatem
405 2060 559 2128 distantiae
584 2064 665 2147 (quae
690 2062 858 2127 assumitur
883 2060 1042 2125 arbitrario
1066 2082 1123 2145 pro
1147 2060 1248 2125 valore
1271 2060 1327 2146 vis)
1353 2069 1385 2125 et

282 2171 438 2252 virtutem,
453 2196 522 2258 quae
536 2171 668 2238 exerceri
683 2172 774 2237 debet
794 2172 834 2236 ad
849 2171 1027 2236 distantiam
1043 2171 1152 2249 aliam;
1174 2194 1242 2257 quae
1256 2172 1385 2237 virtutes

282 2283 310 2349 si
324 2283 386 2349 sint
400 2286 566 2370 respective
580 2292 639 2350 vet
653 2280 689 2364 ol,
705 2306 761 2370 pro
776 2282 931 2347 distantiis
948 2285 1009 2346 let
1024 2283 1053 2362 d,
1069 2305 1135 2347 esse
1150 2281 1272 2347 debebit

691 2391 789 2459 ors)
812 2419 838 2458 r:
862 2393 897 2458 d²
920 2420 927 2458 ε
953 2397 982 2457 1.

283 2532 359 2598 Haee
378 2532 534 2619 proportio
557 2533 610 2598 dat
631 2533 731 2617 legem
753 2531 882 2595 actionis
904 2531 1125 2595 elementorum
1146 2529 1273 2595 omnino
1293 2539 1384 2595 natu·

282 2644 387 2709 ralem.
432 2644 644 2729 Quaecumque
658 2650 760 2707 autem
781 2642 841 2706 alia
860 2643 909 2705 lex
930 2642 1086 2726 complexa
1100 2641 1260 2726 cogitetur,
1276 2664 1312 2706 ea
1326 2642 1384 2706 erit

283 2777 402 2840 semper
417 2755 586 2834 arbitraria,
598 2777 696 2841 quum
710 2753 833 2818 nullum
849 2754 889 2817 sit
904 2754 937 2817 in
948 2776 1051 2818 rerum
1064 2762 1174 2817 natura
1184 2753 1381 2839 principium,
1468 2790 1472 2797 ·

282 2866 368 2930 nna
382 2866 517 2931 conditio
532 2867 685 2932 afficiens
699 2865 739 2930 aa
753 2865 839 2929 isram
855 2864 1078 2930 assiliendam.
1395 2840 1408 2865 ‘

326 2978 505 3060 Replicatis
536 2978 732 3064 Experientia
756 2977 855 3055 docet,
881 2976 961 3041 banc
989 2976 1090 3060 legem
1118 2998 1182 3040 non
1205 2975 1303 3043 valere
1326 2999 1382 3062 pro

281 3086 417 3151 minimis
431 3087 596 3153 distantiis.
641 3088 790 3165 Quaedam
805 3088 888 3152 enim
910 3108 1036 3171 corpora
1057 3086 1202 3151 babentia
1215 3086 1383 3151 maximam

281 3196 492 3278 cohaesionem,
509 3199 534 3262 si
549 3199 742 3284 frangantur,
758 3197 1011 3284 appropinquatis
1030 3197 1142 3263 iterum
1157 3206 1188 3263 et
1203 3199 1384 3283 compressis

280 3309 314 3371 in
343 3308 473 3373 invicem
501 3308 650 3394 partibus,
681 3331 743 3374 non
772 3311 885 3375 iterum
914 3310 1068 3375 cohaerent
1100 3308 1240 3375 invicem.
1291 3308 1384 3386 Quod

281 3421 405 3504 signum
428 3430 484 3500 est,
507 3421 621 3486 mutari
646 3422 776 3487 maxime
798 3422 933 3486 actiones
958 3420 1167 3503 elementares,
1188 3423 1315 3487 mutatis
1335 3423 1383 3487 vel

280 3534 445 3597 minimum
473 3534 638 3599 distantiis.
687 3535 771 3619 llrgo
800 3534 932 3598 mutatio
961 3533 1025 3599 haec
1054 3556 1118 3606 non
1147 3534 1183 3598 fit
1213 3534 1382 3599 secundum

278 3646 429 3710 rationem
450 3644 601 3711 inversam
617 3645 771 3732 quadratae
795 3645 958 3724 distantia,
974 3645 1027 3710 sed
1050 3645 1220 3711 secundum
1242 3644 1382 3710 altiorem

280 3759 459 3843 potentiam.
916 3746 920 3753 ⁶
977 3750 979 3755 ¹

325 3869 509 3955 Respondes
523 3893 552 3933 a.
569 3871 644 3934 Ant.
659 3868 698 3933 ad
713 3866 925 3953 probationem
941 3890 1020 3931 conc.
1034 3867 1164 3949 fuctum,
1180 3875 1211 3931 et
1225 3889 1297 3949 nepo
1312 3889 1381 3931 con·

278 4001 400 4063 requeis
411 3980 573 4044 deductam.
605 3979 722 4043 Verum
737 3998 926 4062 consequens
944 3976 1117 4041 ¹deducibilc
1132 4000 1168 4041 ex
1183 3977 1264 4041 sacto
1279 3976 1381 4056 allato,

278 4100 310 4154 et
334 4091 401 4154 aliis
423 4090 585 4176 similibus,
606 4097 652 4153 est
674 4089 752 4152 hoc:
776 4088 859 4171 argo
882 4088 1006 4171 signum
1029 4097 1087 4166 est,
1112 4088 1226 4151 mutui
1251 4088 1381 4152 maxime

278 4201 413 4267 actiones
427 4203 625 4280 molccalarca,
640 4200 768 4265 mutatis
782 4198 830 4264 vel
853 4198 1014 4263 minimum
1038 4198 1203 4263 distantiis.
1250 4198 1382 4275 Quando

278 4322 379 4378 autem
403 4335 591 4397 consequeus
613 4312 775 4376 deducitur
800 4333 857 4396 pro
879 4308 1052 4374 actionibus
1067 4311 1300 4388 elementaribus,
1315 4309 1381 4374 ille-
