3200 4984
297 338 359 401 112
623 358 665 401 nn
683 358 887 403 sunsraurra
904 358 1085 437 conranni.
1270 338 1353 421 [car.
1372 360 1398 401 1.

293 522 416 587 lessius
435 524 500 605 (loc.
517 524 581 606 cit.)
599 524 707 588 etalii.
751 523 791 588 Et
810 524 948 609 quamvis
963 546 1026 587 non
1048 522 1279 607 intelligeretur,
1296 524 1395 587 adbuc

293 642 396 698 tamen
418 635 538 699 realitas
561 634 652 718 spatii
674 658 710 699 ex
733 658 825 699 sensu
843 634 1000 700 communi
1014 644 1093 699 esset
1108 634 1308 713 admittenda,
1324 634 1395 698 lieet

292 744 370 809 soret
394 745 634 830 inexplicabilis:
668 769 775 811 omnes
798 748 880 811 enim
905 747 1098 811 uniformiter
1123 757 1153 811 et
1179 746 1396 812 invincibiliter

292 856 470 936 admittunt,
487 856 571 921 aliud
596 880 662 922 esse
686 858 770 943 quod
794 859 828 921 in
852 859 951 943 spatio
974 866 1121 937 movetur,
1135 858 1221 927 aliud
1240 858 1318 921 illud
1338 858 1395 921 im-

292 969 404 1033 mobile
419 969 451 1032 in
467 991 529 1055 quo
543 970 579 1033 fit
595 978 706 1034 motus.
753 970 814 1034 Sed
829 992 868 1033 ne
883 970 972 1035 aliam
988 971 1187 1055 quaestionem
1201 970 1350 1055 prolixam
1365 980 1397 1033 et

291 1080 476 1165 profundam
499 1081 662 1165 ingrediar,
679 1104 771 1166 quam
795 1090 932 1165 separate
955 1081 1163 1159 tractabimus,
1179 1080 1309 1145 breviter
1327 1091 1395 1145 tan-

292 1201 361 1256 tnm
376 1192 484 1271 dicam,
499 1216 535 1257 ex
550 1193 694 1279 opinione
708 1202 841 1277 negante
856 1192 1024 1257 realitatem
1046 1193 1137 1277 spatii
1151 1192 1238 1257 vacui
1260 1192 1395 1276 rigorose

291 1312 322 1367 et
340 1304 508 1368 necessario
526 1304 622 1389 sequi,
639 1312 759 1369 motum
776 1304 810 1367 in
825 1303 942 1368 mundo
958 1328 1023 1369 esse
1038 1304 1266 1389 impossibilem,
1282 1314 1318 1367 nt
1333 1305 1394 1369 cito

292 1414 532 1494 declarabimus;
555 1425 586 1480 et
606 1424 749 1501 praeterea
764 1416 866 1480 Deum
883 1437 946 1479 non
960 1438 1049 1500 posse
1064 1438 1164 1480 creare
1186 1416 1248 1480 dno
1270 1438 1397 1501 corpora

291 1535 429 1611 separata
443 1527 476 1590 in
488 1549 593 1605 vacuo,
608 1550 709 1612 neque
723 1549 811 1611 posse
827 1549 925 1591 creare
940 1550 1036 1597 unum
1054 1550 1164 1612 corpus
1179 1551 1344 1592 concavum
1360 1529 1392 1591 in

290 1660 396 1719 vacuo,
425 1662 526 1723 neque
553 1661 643 1724 posse
673 1638 841 1702 annihilare
871 1662 897 1703 v.
919 1662 963 1723 gr.
995 1638 1111 1718 lunam,
1138 1649 1169 1703 et
1200 1641 1265 1704 eius
1294 1641 1395 1703 locum

290 1774 420 1815 vacuum
444 1773 630 1830 conservare,
655 1749 768 1815 etalio
793 1750 892 1835 plura,
919 1774 988 1835 quae
1012 1760 1099 1815 notat
1126 1750 1248 1823 Balmes
1277 1752 1309 1814 in
1341 1775 1395 1815 sua

290 1862 484 1948 philosophia
497 1862 731 1942 fundamentali,
747 1870 778 1927 et
793 1886 811 1927 a
826 1862 939 1947 quibus
953 1864 1066 1927 frustra
1082 1863 1222 1948 expedire
1238 1887 1269 1927 se
1285 1865 1394 1949 quaerit

292 1982 323 2037 et
338 1973 404 2057 ipse
418 1973 549 2053 Balmes,
566 1982 596 2037 et
611 1973 798 2059 quicumque
813 1981 897 2038 tenet
916 1977 1049 2059 spatium
1071 1975 1248 2061 corporibus
1262 1998 1392 2039 vacuum

290 2108 355 2148 esse
370 2108 482 2169 purum
498 2085 587 2149 nihil.
633 2087 757 2163 Contra,
774 2086 925 2151 sententia
948 2086 1085 2151 tribuens
1107 2087 1206 2173 spatio
1225 2087 1392 2153 realitatem

291 2196 547 2281 independentem
564 2221 581 2261 a
598 2198 758 2283 prasentia
778 2220 950 2283 corporum,
964 2199 1023 2283 ipsi
1044 2200 1166 2263 Balmes
1190 2222 1253 2264 non
1271 2209 1316 2265 est
1332 2202 1395 2265 visa

290 2308 471 2388 refutabilis,
502 2310 562 2373 nisi
591 2300 754 2396 quianon
783 2311 882 2375 fuerat
913 2312 1127 2376 convenienter
1156 2334 1306 2397 expressa.
1352 2314 1393 2375 Et

290 2421 437 2484 reneroni
460 2421 561 2500 verba,
580 2444 648 2506 quae
672 2422 747 2486 satis
772 2431 876 2486 exacta
901 2423 960 2517 ipsi
990 2445 1053 2487 non
1079 2422 1231 2503 videntur,
1254 2424 1292 2487 ad
1318 2446 1391 2487 con·

291 2533 462 2597 venientem
485 2533 715 2618 explicationem
738 2533 832 2597 trabit
855 2556 891 2597 ex
913 2533 1126 2617 theologorum
1141 2534 1347 2599 locutionibus
1362 2545 1393 2599 et

292 2644 560 2709 distinctionibus:
584 2653 615 2708 et
633 2644 704 2709 licet
725 2644 834 2708 deinde
853 2644 891 2708 ad
906 2646 1034 2727 spatium
1048 2646 1172 2708 nihilum
1187 2645 1336 2725 deflectat,
1352 2669 1391 2709 ne

291 2779 388 2820 unum
412 2756 535 2840 quidem
558 2756 645 2819 affert
667 2764 896 2839 argumentum,
918 2778 979 2841 quo
1003 2757 1154 2821 sententia
1168 2757 1313 2821 reneloni
1337 2759 1393 2831 rite

291 2867 439 2952 explicata
453 2877 608 2950 urgeatur.
654 2867 749 2951 Atqui
765 2867 830 2931 haec
845 2868 911 2952 ipsa
926 2870 1077 2932 sententia
1093 2870 1166 2933 satis
1181 2870 1394 2934 convenienter
1481 2906 1486 2917 ·
1581 2860 1582 2871 ἵ

291 2978 454 3060 exponitur
468 3000 487 3040 a
502 2976 617 3057 Lessio,
629 2977 683 3061 qui
698 3001 765 3041 eam
781 2978 914 3043 dilucide
928 2979 1047 3064 probat,
1057 2988 1088 3043 et
1103 2989 1209 3046 contra
1223 3005 1314 3066 quem
1329 3004 1392 3047 non

292 3088 378 3152 video
393 3088 469 3173 quid
483 3089 598 3174 opponi
612 3090 719 3173 possit.
758 3090 819 3154 Sed
833 3101 947 3171 auctor,
963 3101 1175 3177 contraquam
1191 3094 1392 3179 disputamus,

173 3276 177 3283 Ι
291 3222 376 3263 more
396 3199 528 3284 quodam
551 3204 606 3264 'suo
621 3201 809 3265 delirantium
823 3204 965 3265 insomnia
980 3211 1009 3266 et
1023 3214 1183 3269 monstrum
1192 3210 1393 3289 papnuntibus

290 3313 417 3395 undique
430 3314 518 3391 uotis,
534 3334 570 3375 ac
583 3313 761 3377 multimodis
775 3314 1006 3379 absurditatibus
1020 3326 1135 3380 scatens
1155 3341 1221 3399 esse
1245 3318 1390 3397 delinivit,

292 3423 375 3507 quod
400 3422 532 3487 refutare
558 3423 669 3507 piguit.
713 3424 843 3505 Verum,
869 3425 895 3489 si
921 3425 1072 3507 Clarkius,
1099 3451 1191 3513 quem
1221 3430 1269 3495 his
1295 3431 1395 3495 verbis

290 3534 433 3619 exagitat,
447 3542 512 3599 'non
528 3558 646 3619 semper
660 3543 763 3601 exacte
777 3536 898 3601 locutus
920 3547 975 3617 est,
992 3561 1054 3603 non
1076 3539 1185 3606 licebat
1209 3565 1271 3607 rem
1294 3544 1391 3628 ipsam

290 3670 397 3711 vocare
419 3646 578 3725 delirium
601 3647 655 3711 sed
670 3647 703 3711 id
716 3670 816 3712 unum
831 3648 1023 3729 concludere,
1037 3650 1227 3735 loquendum
1242 3675 1309 3717 esse
1323 3653 1393 3718 dili-

290 3759 423 3843 gentius‚
439 3758 697 3845 quemadmodum
713 3759 835 3823 lessius
850 3759 972 3824 locutus
986 3771 1042 3825 est.
1100 3761 1251 3827 Caeterum
1267 3764 1315 3828 vel
1329 3764 1395 3849 ipsa

290 3871 423 3935 absurda
437 3894 455 3934 a
470 3870 591 3933 Balmes
606 3878 713 3933 notata
726 3869 848 3935 abunde
864 3872 1035 3934 sufficerent
1051 3872 1090 3936 ad
1112 3872 1386 3939 demonstrandum

291 3982 424 4067 spatium
445 3980 555 4045 habere
573 3980 741 4044 realitatem
761 4004 779 4043 a
794 3979 971 4065 corporibus
986 3980 1280 4066 independentem*.
1309 3982 1392 4049 'Nos

204 4154 210 4159 .
291 4116 362 4157 vero
385 4115 449 4156 rem
476 4091 590 4156 directe
620 4089 809 4155 stabiliemus
840 4113 895 4155 sno
924 4090 999 4156 loce.
1045 4092 1213 4155 Veniamus
1242 4117 1326 4158 nunc
1355 4096 1393 4160 ad

292 4204 417 4268 alteram
433 4204 564 4267 auctoris
579 4202 738 4267 rationem.

336 4318 390 4381 28.
411 4315 452 4378 Et
478 4315 601 4399 quidem
632 4322 850 4396 argumentum
880 4314 967 4379 facile
997 4324 1097 4401 potest
1128 4320 1296 4401 retorqueri
1328 4320 1391 4383 sic:

390 4451 403 4477 *
423 4448 494 4501 Vide
506 4449 612 4502 Balmca
624 4448 1008 4519 Philosophia„fundarumtulis
1020 4450 1061 4503 lib.
1076 4450 1113 4504 iii.
1128 4470 1182 4521 cap.
1198 4452 1237 4519 12,
1252 4452 1292 4506 13.
