3200 4984
325 364 389 425 242
685 387 728 429 nn
744 387 865 431 narnus
880 388 1073 433 concinam.
1294 371 1382 455 [aar.
1398 391 1424 433 1.

325 569 504 633 corporum3
526 548 607 613 inter
625 572 702 635 quos
718 550 829 615 Clarke
851 552 927 616 dixit
942 553 1076 636 spatium
1096 575 1162 617 esse
1184 554 1421 618 immensitatem

325 658 394 738 Dei,
410 669 441 725 et
454 671 555 746 partes
571 661 661 747 spatii
676 664 762 747 quasi
778 673 880 747 partes
894 664 1042 748 quasdem
1057 664 1282 729 immensitatis.
1327 665 1423 728 Fene-

324 770 413 835 lonus
428 772 527 837 tenuit
542 774 674 859 spatium
689 774 860 839 virtualiter
874 775 1023 839 contineri
1037 774 1069 839 in
1084 774 1187 840 divina
1206 776 1421 853 immensitate,

325 883 377 948 sed
393 906 455 948 non
470 885 583 971 ubique
598 909 669 951 cum
683 887 844 951 sufficienti
863 878 1055 951 accuratione
1068 887 1190 951 locutus
1205 896 1262 967 est,
1281 898 1316 952 ut
1333 880 1421 953 notat

324 994 445 1059 Balmes
459 997 591 1061 referens
606 997 670 1062 eius
681 998 772 1063 verba
789 997 917 1081 (Philos.
932 997 1020 1063 tund.
1036 998 1090 1063 lib.
1105 999 1149 1063 iii.
1164 1021 1191 1063 c.
1209 1002 1275 1084 11).
1298 1000 1422 1063 Lessins

323 1128 445 1193 qnoque
467 1109 547 1173 idem
571 1110 674 1175 docuit
693 1111 726 1175 in
740 1118 872 1175 tractatu
887 1113 935 1175 De
949 1112 1055 1175 divinis
1062 1112 1303 1197 perfectionibus,
1317 1112 1373 1176 lib.
1386 1112 1421 1176 ii.

323 1240 350 1283 c.
366 1222 408 1299 2,
423 1221 486 1301 ubi,
513 1231 675 1308 postquam
697 1222 837 1307 probavit
865 1223 968 1287 Deum
991 1246 1046 1308 per
1072 1246 1159 1288 snam
1182 1223 1421 1289 immensitatem

322 1332 449 1397 existere
464 1334 555 1398 etiam
570 1346 654 1399 extra
669 1336 830 1413 mundum,
847 1335 890 1399 sic
904 1334 1008 1399 addit:
1031 1337 1142 1399 Dices:
1167 1336 1316 1409 Qmmodo
1330 1338 1422 1399 estin

322 1448 427 1528 spatiis
441 1447 501 1509 iltis
515 1456 600 1511 entra
615 1448 724 1527 crelam,
740 1470 829 1533 quam
843 1448 885 1510 ibi
898 1447 980 1511 natta
994 1448 1055 1511 sint
1068 1448 1176 1530 spatia,
1190 1450 1249 1510 nisi
1256 1448 1370 1531 fictitia
1391 1432 1423 1511 et

321 1558 524 1641 imaqineria?
556 1560 736 1643 Respondeo,
758 1560 889 1644 neqando
903 1582 961 1622 non
975 1582 1036 1623 esse
1050 1560 1092 1621 ibi
1105 1560 1167 1623 ulla
1177 1580 1250 1622 ‘vera
1265 1560 1421 1623 intervalla

322 1677 374 1732 ant
396 1674 502 1753 spatia.
549 1672 635 1735 Sient
658 1674 742 1750 enim,
766 1673 794 1735 ri
817 1694 868 1734 aer
891 1680 966 1735 esset
987 1671 1112 1754 diffim
1131 1672 1164 1733 in
1181 1673 1358 1750 immemam,
1373 1672 1423 1734 vel

320 1782 415 1845 lamen
423 1806 480 1869 per
494 1806 525 1847 se
538 1785 695 1848 meisirtme
703 1792 777 1848 esset
787 1785 965 1861 immensam,
976 1785 1125 1847 vesana
1135 1784 1177 1847 iii
1191 1792 1285 1849 essent
1298 1786 1419 1867 spatia,-

319 1895 365 1958 ita
379 1896 406 1958 si
419 1897 541 1979 spiritns
562 1896 671 1979 aliquis
691 1898 732 1960 sit
750 1898 782 1959 in
801 1897 970 1959 immensam
991 1896 1117 1978 diffitear
1130 1904 1215 1959 eetra
1235 1897 1372 1959 mandem
1385 1899 1419 1961 in

319 2028 429 2069 omnem
437 2016 564 2089 partem,
581 2016 665 2070 erant
679 2028 747 2071 ocra
761 2015 790 2071 et
803 2007 898 2069 realia
911 2007 1021 2089 epatia,
1030 2028 1089 2069 non
1104 2006 1278 2090 corporalia,
1293 2008 1346 2070 sed
1356 2009 1419 2090 rpi-

317 2119 451 2197 riteatia,
467 2121 522 2183 etsi
541 2122 618 2183 inter
631 2141 663 2183 se
676 2141 734 2183 non
753 2118 873 2181 realiter
887 2119 1036 2197 distincta,
1052 2119 1122 2201 qaia
1141 2119 1264 2201 spiritus
1281 2142 1340 2182 non
1358 2121 1418 2203 dif-

272 2288 276 2296 .
308 2230 450 2314 sstnditm
458 2252 515 2317 per
523 2240 637 2314 partes,
650 2232 765 2316 sedper
775 2254 854 2309 mas,
869 2239 903 2295 et
917 2232 961 2294 ita
976 2232 1081 2309 dicam,
1098 2232 1261 2300 totalitates
1278 2278 1415 2296 ......

315 2344 433 2427 Itaque,
457 2345 571 2427 quando
594 2345 727 2421 dicimus,
751 2344 848 2407 Deam
869 2366 931 2407 esee
955 2352 1040 2406 eetra
1061 2343 1199 2408 mandam
1215 2365 1274 2424 per
1298 2343 1417 2427 infinita

315 2458 414 2539 epatia
428 2456 576 2538 diffirmm,
592 2463 645 2519 aut
659 2477 719 2519 esse
728 2456 759 2517 in
773 2456 879 2538 spatiis
893 2455 1086 2537 imaqinariit,
1100 2477 1160 2517 nen
1178 2455 1308 2526 columns
1322 2456 1419 2519 dicere

316 2568 413 2631 Deam
427 2589 488 2630 esse
502 2568 533 2630 in
544 2568 645 2651 aliqua
655 2588 687 2630 re
694 2566 818 2651 fictitia,
827 2566 918 2628 aelati
931 2566 964 2627 in
978 2566 1122 2642 chimera,
1137 2566 1184 2627 vel
1196 2587 1256 2627 esse
1269 2567 1302 2628 in
1316 2566 1417 2648 aliquo

314 2682 410 2763 spatio
425 2701 457 2741 re
471 2701 489 2741 a
503 2701 535 2742 se
548 2679 696 2757 distincto,
708 2678 760 2741 sed
772 2698 847 2739 nssn
864 2698 902 2739 rr
919 2695 1267 2755 srar10,0non1PS1ns
1283 2697 1415 2739 rainer-

316 2810 404 2853 srrns
419 2810 632 2853 ronmnmrnn
647 2810 824 2868 nxrnnnra,
847 2790 896 2852 cai
909 2787 1057 2872 infinitam
1070 2790 1199 2871 spatium
1213 2796 1343 2852 creatam
1357 2812 1415 2873 po-

315 2910 373 2965 test
387 2902 546 2965 coentendi.
564 2950 571 2965 .
590 2950 597 2965 .
616 2950 622 2964 .
643 2900 859 2991 Quaretriplee
866 2901 995 2983 spatium
1005 2900 1148 2993 distinqui
1155 2908 1264 2981 potest,
1275 2910 1415 2978 creatam,

314 3017 484 3093 increatam,
508 3005 724 3099 imayinariamss
771 3015 910 3077 Creatam
931 3020 1047 3076 constat
1069 3014 1236 3075 memnone
1256 3013 1415 3095 corporali,

315 3127 397 3211 quali
410 3126 575 3190 attenditur
593 3120 825 3209 quaquaversum
842 3124 974 3187 manda.
1018 3125 1187 3187 Inereatam
1205 3132 1250 3187 ert
1272 3125 1340 3208 ipm
1354 3126 1416 3190 Dei

311 3234 511 3302 immensitas:
535 3240 594 3301 Irae
609 3246 652 3301 est
660 3238 967 3320 primam-'intimam
990 3244 1019 3298 et
1032 3236 1256 3320 fiendamentale
1276 3237 1414 3319 epatium,

315 3353 362 3415 cai
377 3372 459 3415 omne
481 3350 564 3412 alind
583 3350 712 3433 epatium
734 3348 894 3425 innititur,
906 3345 1039 3430 qnodque
1056 3350 1134 3411 omni
1147 3349 1249 3430 ¹spatio
1269 3348 1416 3429 corporati

313 3463 428 3536 ratione
457 3461 633 3524 extensionis
661 3481 725 3521 saa*
748 3458 910 3541 equivalet,
936 3466 966 3520 et
994 3458 1071 3522 iliud
1092 3460 1250 3521 eminenter
1274 3460 1412 3523 continet.

312 3575 525 3658 Imayinminm
547 3581 599 3651 est,
624 3572 702 3655 qaod
721 3593 800 3633 mem
822 3578 933 3647 nostra,
956 3592 1015 3633 non
1035 3571 1134 3633 valerie
1154 3572 1244 3633 aliter
1266 3571 1415 3653 concipere

313 3689 374 3753 Dei
393 3688 622 3764 immensitatem,
647 3685 837 3767 imayinatur.
883 3684 969 3747 Sicut
992 3684 1068 3745 enim
1090 3706 1148 3745 non
1165 3705 1322 3765 poscamus·
1344 3705 1413 3749 eon-

313 3801 481 3884 cipere'Dei
495 3800 695 3877 eternitatem
710 3795 972 3879 nisiimaqinando
988 3804 1099 3879 tempas
1113 3796 1282 3879 infinitam;
1305 3797 1351 3857 ita
1361 3817 1414 3858 nec

309 3914 374 3978 'Dei
388 3902 617 3989 immensitatem,
631 3911 691 3974 nisi
704 3909 890 3991 concipiendo
904 3911 1032 3991 spatium
1046 3909 1203 3993 infinitam.
1219 3958 1222 3962 .

359 4022 433 4088 Haec
448 4023 571 4087 Lessius
586 3998 664 4086 clare
683 4019 774 4085 simul
794 4028 825 4082 et
846 4019 1007 4104 profunde.
1036 4018 1239 4083 -Bosohovich
1254 4040 1325 4081 vero
1335 4002 1413 4082 defi·

313 4134 391 4202 nivii
406 4135 539 4219 spatium
548 4133 777 4218 possibilitatem
791 4130 973 4218 infinitarum
987 4132 1194 4208 odinationem,
1206 4150 1269 4191 non
1284 4128 1413 4191 ulterius

314 4270 460 4331 quaerens,
490 4266 551 4333 qua
579 4248 696 4310 ratione
725 4244 765 4308 sit
794 4244 972 4330 explicanda
996 4244 1067 4309 talis
1094 4243 1290 4328 possibilitas.
1348 4242 1412 4305 Alii

313 4366 487 4434 tenuerunt,
518 4357 650 4439 spatium
683 4356 763 4419 reale
798 4356 943 4419 constitui
973 4379 1027 4440 per
1056 4355 1166 4420 realem
1195 4354 1410 4434 ubicotionem,
