3200 4984
247 399 251 409 ·
302 368 367 432 230
606 394 648 437 nn
666 395 868 439 sussraurm
882 393 1065 437 corrosae.
1245 368 1328 454 [car.
1346 387 1401 431 ιιι.

346 555 394 619 Sit
417 558 507 623 series
533 560 752 627 elementorum
779 563 1008 627 attractivorum
1034 560 1195 645 aequalium
1216 557 1298 622 linea
1319 565 1401 620 recta

303 664 518 754 dispositorum
529 696 557 752 a,
567 676 594 753 h,
604 698 629 752 c,
640 676 668 754 d,
678 698 703 755 c,
705 675 732 759 s
750 724 756 739 .
782 724 789 739 .
815 725 822 738 .
849 723 856 739 .
881 676 947 759 (fig.
959 675 1014 757 21)
1031 673 1111 737 inter
1126 679 1238 735 terram
1254 676 1286 733 et
1295 668 1399 743 solem,

302 785 333 840 et
357 791 427 863 agat
454 783 499 847 sol
523 786 556 849 in
579 787 713 870 primum
738 787 925 851 elementum
949 808 978 865 a,
997 784 1075 848 illud
1096 807 1125 847 v.
1148 806 1195 866 gr.
1215 778 1400 865 repellendo.
1442 841 1446 848 .

301 887 461 957 Elementa
475 894 527 961 illa
542 898 654 977 omnia,
665 920 733 983 quae
747 907 782 961 ut
798 896 926 983 aqualia
940 895 1092 962 debebant
1107 917 1173 959 esse
1186 895 1220 958 in
1232 892 1400 978 aequilibrio

302 999 341 1063 ad
363 1004 493 1089 aequales
515 1007 675 1074 distantias
690 984 976 1073 ab3a0=cd=de
999 1054 1007 1071 .
1032 1056 1039 1069 .
1064 1057 1071 1071 .
1097 1053 1105 1068 .
1128 1004 1233 1069 statim
1248 1026 1316 1067 ace
1335 1024 1400 1066 mo·

301 1112 421 1179 vebitur
442 1140 545 1183 versus
561 1121 580 1185 b
601 1120 748 1206 incipient
763 1104 906 1184 ¹oscillare
927 1119 1055 1183 interae
1070 1116 1142 1182 bina
1163 1138 1198 1181 ac
1220 1115 1302 1193 bina,
1317 1113 1399 1178 vide-

302 1221 372 1287 licet
387 1247 405 1289 a
420 1249 489 1291 cum
506 1231 533 1307 b,
549 1230 565 1295 c
579 1254 649 1296 curn
664 1234 693 1311 d,
709 1254 809 1296 ecum
819 1232 849 1316 s,
865 1240 942 1310 etc.;
965 1245 997 1293 et
1011 1239 1114 1294 motus
1127 1228 1187 1292 iste
1201 1226 1402 1291 oscillatorins

302 1336 446 1403 citissime
468 1342 686 1426 propagabitur
700 1343 740 1407 ed
753 1366 898 1428 magnam
916 1342 1103 1407 distantiam.
1148 1340 1228 1403 Nam
1245 1337 1368 1423 quando
1382 1359 1402 1400 a

301 1446 409 1532 incipit
430 1454 591 1535 procedere
611 1478 715 1520 versus
738 1457 793 1534 ab
812 1457 920 1539 nequit
943 1476 1067 1518 manere
1088 1454 1123 1516 in
1145 1450 1325 1536 aequilibrio,
1351 1459 1401 1513 nt-

301 1567 374 1641 pote
400 1562 496 1646 magis
522 1575 655 1631 tractum
681 1576 827 1651 exparte
853 1591 882 1646 a,
907 1576 937 1630 et
961 1566 1030 1648 ideo
1056 1564 1227 1629 movebitur
1246 1584 1350 1627 versus
1371 1584 1401 1625 a.

303 1669 431 1735 Interim
447 1697 463 1737 c
477 1676 616 1761 nequibit
639 1701 761 1743 manere
780 1678 813 1742 in
836 1677 1004 1763 aequilibrio
1023 1686 1131 1761 utpote
1151 1675 1249 1759 magis
1269 1682 1401 1739 tractum

304 1782 364 1847 ad
384 1796 507 1871 propter
529 1812 681 1853 recessum
705 1791 847 1855 elementi
868 1792 896 1867 b,
920 1799 952 1853 et
975 1789 1043 1853 ideo
1069 1786 1239 1851 movebitur
1258 1808 1362 1849 versus
1383 1786 1405 1848 d

303 1903 334 1957 et
349 1895 392 1959 sic
412 1908 500 1981 coget
515 1901 650 1965 dvenire
670 1924 834 1965 versasse.
881 1900 1029 1965 Similiter
1046 1898 1122 1962 dnm
1141 1899 1162 1961 d
1182 1896 1295 1961 recedit
1315 1895 1353 1959 ab
1375 1918 1401 1973 e,

303 2028 318 2068 e
333 2019 459 2091 cogetur
474 2012 614 2076 accedere
629 2013 667 2077 ad
675 2014 706 2097 f,
722 2024 753 2077 et
762 2015 789 2098 f
797 2014 941 2078 recedens
956 2037 1007 2096 ap
1022 2010 1194 2075 movebitur
1211 2032 1315 2073 versus
1329 2031 1354 2086 c,
1370 2017 1401 2071 et

301 2116 344 2183 ita
358 2144 448 2205 porro
463 2146 517 2207 per
531 2135 628 2189 totam
642 2125 764 2189 lineam.

347 2232 419 2297 Non
444 2236 520 2315 dic0,
540 2247 657 2301 motum
683 2239 804 2301 retheris
824 2236 969 2302 luminosi
990 2235 1056 2299 lieri
1077 2234 1202 2319 praecise
1222 2233 1280 2296 hoc
1300 2232 1401 2310 modo,

303 2345 357 2409 sed
371 2357 445 2412 noto
460 2349 645 2434 principium
668 2351 821 2435 quoddam
839 2350 1037 2427 elasticitatir,
1053 2348 1079 2411 si
1092 2347 1136 2411 ita
1149 2346 1235 2431 loqui
1249 2345 1400 2422 volumus,

302 2459 350 2521 vel
372 2459 581 2543 possibilitatis
601 2461 807 2526 vibrationum
833 2484 896 2525 non
923 2460 1145 2544 dependentem
1167 2458 1206 2522 ab
1231 2456 1333 2541 aliqua
1355 2479 1402 2519 re-

302 2570 441 2655 pulsione
470 2572 689 2637 molecularum
724 2574 921 2637 vibrantium.
982 2573 1124 2649 Quaerere
1152 2580 1266 2649 autem,
1296 2578 1402 2633 utrum

303 2683 398 2747 aether
413 2694 531 2749 constet
553 2685 719 2764 moleculis‚
736 2708 774 2749 an
790 2695 913 2750 tantum
928 2708 965 2749 ex
979 2683 1137 2747 elementis
1151 2681 1264 2760 liberis,
1279 2690 1311 2745 et
1325 2703 1401 2765 quo·

303 2796 394 2859 modo
410 2796 568 2862 ordinetur
587 2807 689 2863 motus
704 2800 737 2862 in
756 2799 879 2883 integro
896 2796 1039 2861 fasciculo
1058 2795 1220 2874 luminoso,
1235 2802 1267 2856 et
1282 2792 1401 2872 similia,

303 2916 349 2971 est
365 2930 442 2991 opus
460 2908 599 2993 longum,
616 2910 746 2988 difficile,
762 2920 793 2973 et
813 2910 853 2973 ad
874 2908 1091 2993 philosophum
1111 2906 1231 2991 proprie
1248 2928 1312 2969 non
1335 2928 1401 2989 per·

303 3020 415 3083 tineus.
475 3021 567 3083 Unde
592 3031 638 3084 est
668 3031 704 3085 ut
734 3021 1001 3103 investigationem
1030 3019 1097 3083 aliis
1124 3017 1306 3101 relinquam,
1331 3039 1402 3080 con·

303 3139 408 3193 tentus
428 3154 477 3194 me
500 3132 558 3195 hoc
578 3140 709 3212 notasse,
728 3155 819 3217 posse
841 3132 907 3195 dari
933 3131 1040 3194 seriem
1063 3128 1268 3193 vibrationum
1293 3128 1403 3192 citissi-

303 3265 385 3305 mam
409 3244 473 3305 sine
495 3243 610 3306 viribus
632 3243 802 3328 repulsivis,
819 3253 849 3307 et
871 3243 963 3307 talem
986 3264 1051 3305 esse
1072 3241 1276 3306 vibrationum
1295 3240 1402 3304 scriem

300 3356 332 3420 in
348 3356 469 3419 aethere.

346 3468 466 3532 Addam
489 3478 601 3547 tamen,
618 3468 725 3531 melius
741 3469 860 3553 concipi
874 3468 1067 3547 aetheremmt
1084 3473 1275 3529 constantem
1290 3486 1328 3529 ex
1343 3464 1401 3528 ele·

303 3583 415 3647 mentis
440 3581 607 3665 aequalibus
632 3604 695 3644 non
726 3582 897 3645 coniunctis
923 3582 955 3643 in
970 3578 1126 3664 *speciales
1151 3577 1322 3656 moleculas,
1349 3578 1403 3666 sed

302 3695 415 3773 liberis,
427 3704 463 3759 ut
478 3694 634 3779 apparebit
649 3716 684 3757 ex
703 3693 840 3757 dicendis
854 3715 886 3756 nr
901 3695 974 3757 140.
1018 3692 1069 3770 Et,
1081 3692 1106 3754 si
1121 3681 1171 3754 res
1183 3691 1227 3754 ita
1242 3689 1401 3767 sebabeat,

303 3810 426 3874 evidens
444 3808 656 3871 estaetherem
679 3830 744 3871 esse
764 3805 1035 3890 incorruptibilem.
1080 3805 1132 3865 An
1157 3812 1260 3865 autem
1286 3802 1402 3886 aliquid

304 3921 402 3985 simile
421 3920 534 3984 vellent
564 3920 735 4003 significare
760 3919 880 4001 antiqui
903 3916 1086 4001 philosophi,
1113 3914 1235 3999 qnando
1261 3914 1403 3979 dicebant

302 4034 455 4097 materiam
470 4032 610 4096 caelestem
624 4054 684 4093 erae
700 4031 959 4113 incorruptibilem,
971 4028 1094 4091 videant
1109 4026 1237 4091 eruditi:
1258 4050 1306 4090 res
1320 4028 1402 4091 enim

303 4167 365 4208 non
380 4143 499 4206 videtur
519 4142 727 4225 impossibilis,
743 4163 798 4205 nec
814 4139 1031 4224 improbabilis,
1047 4161 1142 4223 quum
1163 4137 1246 4222 apud
1265 4149 1403 4202 auctores

303 4258 365 4319 sive
384 4254 534 4337 profanos
548 4254 608 4316 sive
635 4276 743 4331 sacros,
764 4254 855 4332 etiam
880 4258 932 4330 aer
951 4253 984 4313 in
1008 4251 1085 4315 coelo
1108 4273 1183 4314 esse·
1196 4249 1356 4329 diceretur,
1371 4261 1402 4314 et

302 4388 369 4428 aves
385 4365 525 4427 dicantur
541 4387 635 4448 usque
651 4366 741 4428 modo
756 4365 884 4427 volumen
896 4364 968 4426 coeli.
1064 4382 1068 4392 “
