3200 4984
210 423 280 468 car.
298 404 338 489 1.]
567 423 610 467 nr
626 425 744 469 narsus
761 426 951 470 cormunis.
1240 395 1304 473 257

210 599 314 683 cipant
334 596 448 682 singuli
471 597 613 663 distincte
633 607 663 662 et
682 608 817 683 separate
836 598 874 663 de
893 620 955 662 uno
970 606 1000 662 et
1016 597 1121 662 eodem
1135 598 1219 661 fonte
1235 597 1301 661 ubi-

209 711 377 789 cationum,
393 719 424 773 et
439 710 555 774 actibus
569 710 689 775 realiter
704 710 855 775 distinctis
869 711 1035 774 terminant
1055 710 1191 774 eamdem
1206 710 1301 773 virtu-

210 820 344 885 alitatem
355 820 516 884 infinitam.
546 821 592 885 Ex
606 843 668 906 quo
682 822 829 907 sequitur,
842 821 978 885 eamdem
990 822 1206 885 virtualitatem
1221 822 1253 885 in
1270 845 1302 886 se

208 933 441 1011 immutabilem,
468 956 532 997 esse
555 942 657 997 tamen
681 934 873 998 terminative
895 934 1091 999 mutabilem:
1114 942 1155 1013 et,
1171 934 1241 1018 quia
1267 934 1301 997 iu

208 1054 328 1110 tantum
351 1044 455 1108 eadem
469 1045 638 1109 virtualitas
655 1046 765 1110 fundat
787 1046 961 1110 relationem
981 1046 1079 1130 spatii,
1096 1046 1129 1109 iu
1150 1054 1299 1131 quantum

209 1156 390 1220 terminatur
408 1157 545 1221 terminis
565 1157 749 1235 extrinsecis,
764 1156 834 1221 ideo
851 1168 915 1221 tam
930 1157 1034 1222 multae
1046 1167 1176 1243 possunt
1190 1181 1254 1222 esse
1269 1166 1300 1221 et

209 1277 272 1332 tam
295 1268 417 1335 diversae
438 1268 609 1348 relationes,
635 1291 727 1354 quam
749 1269 854 1333 multae
875 1277 906 1333 et
935 1269 1059 1333 diversae
1081 1291 1146 1333 esse
1171 1280 1300 1353 possunt

209 1380 383 1445 extrinsecae
397 1381 633 1445 terminationes.
678 1380 786 1465 Itaque
804 1381 937 1467 spatium
956 1381 1138 1460 absolutum,
1153 1382 1223 1445 licet
1242 1385 1301 1445 im-

208 1492 356 1557 mutabile
377 1493 478 1577 quoad
496 1515 536 1571 se,
551 1492 644 1556 habet
666 1500 779 1570 tamen,
795 1492 834 1556 ob
855 1515 941 1556 suam
956 1491 1181 1570 virtualitatem,
1197 1502 1233 1555 ιιι
1250 1492 1299 1555 in-

208 1604 304 1668 finitis
324 1604 422 1668 modis
444 1604 595 1668 distinctis
609 1603 842 1683 terminabilem,
857 1604 1059 1689 aptitudinem
1075 1604 1114 1668 ad
1128 1603 1300 1667 iirndandas

208 1716 343 1780 infinitas
365 1716 523 1781 distinctas
543 1715 702 1780 relationes
723 1716 802 1779 inter
819 1717 967 1780 terminos
989 1715 1163 1780 ubicabiles.
1208 1714 1300 1792 Quod

209 1836 245 1890 ut
268 1827 405 1911 exemplo
427 1828 558 1892 breviter
580 1826 757 1906 declaretur,
776 1827 876 1891 notari
896 1836 997 1912 potest
1017 1827 1099 1891 idem
1118 1827 1250 1891 accidere
1268 1827 1300 1889 iu

208 1938 404 2003 relationibus
420 1939 575 2017 durativis,
590 1962 658 2024 quae
673 1948 744 2003 sunt
759 1948 839 2003 certe
854 1939 987 2017 diversae,
1001 1939 1071 2003 licet
1085 1938 1253 2003 fundentur
1267 1939 1299 2001 in

208 2049 392 2115 virtualitate
406 2050 583 2115 aeternitatis
598 2049 806 2130 immutabilis,
821 2058 856 2114 ut
870 2050 1086 2135 explicabimus
1100 2051 1188 2115 infra.
1212 2050 1300 2114 Idem

207 2183 329 2246 quoque
354 2162 462 2227 accidit
487 2162 520 2225 in
545 2162 661 2226 ratione
691 2161 899 2226 similitudinis
924 2163 1073 2246 generice,
1088 2185 1116 2225 v.
1132 2184 1179 2245 gr.
1203 2184 1299 2246 quum

207 2282 399 2357 comparatur
420 2273 523 2337 album
546 2296 615 2337 cum
638 2272 716 2350 albo,
739 2272 852 2336 flavum
873 2296 944 2337 cum
965 2273 1053 2351 flavo,
1075 2274 1202 2337 rubrum
1229 2293 1299 2336 cum

206 2382 309 2462 rubro,
332 2393 397 2448 etc:
426 2368 577 2448 habentur
606 2384 687 2447 enim
712 2391 759 2449 tot
781 2382 994 2448 similitudines
1017 2384 1142 2448 diversae
1163 2383 1303 2465 rationis,

206 2504 282 2580 quot
292 2504 364 2559 sunt
375 2495 483 2560 diversi
494 2495 626 2574 colores3
641 2504 671 2559 et
683 2505 785 2559 tamen
796 2495 1031 2560 fimdamentum
1043 2496 1181 2560 omnium
1189 2495 1299 2558 barum

206 2605 399 2687 relationum,
411 2606 468 2671 sub
483 2606 598 2671 ratione
613 2606 760 2690 generice,
773 2616 819 2670 est
834 2607 970 2685 unicum,
983 2605 1071 2670 idest
1082 2607 1170 2671 color.
1209 2605 1301 2682 Quod

207 2727 309 2783 autem
332 2727 432 2804 potest
454 2719 536 2783 color
557 2720 596 2782 ob
617 2718 934 2782 indeterminationem
957 2718 1013 2784 sub
1037 2740 1099 2802 qua
1119 2718 1299 2802 concipitur,

206 2828 284 2893 illud
295 2837 395 2914 potest
407 2828 574 2893 virtualitas
582 2827 725 2914 quaelibet
736 2827 875 2914 pluribus
885 2829 1085 2912 oequivalens3
1100 2828 1181 2913 quia,
1193 2837 1229 2892 ut
1240 2837 1299 2892 ter·

206 2939 361 3004 mirabilis
376 2940 414 3005 ad
429 2949 522 3019 extra,
537 2940 629 3005 babet
644 2948 675 3004 et
689 2940 755 3025 ipsa
769 2949 949 3025 conceptum
965 2940 1242 3004 indeterminatum.

252 3055 303 3116 17.
326 3053 426 3115 Dices.
449 3052 488 3115 ln
504 3050 582 3116 datis
596 3050 773 3115 notionibus
789 3051 879 3135 spatii
894 3059 925 3114 et
940 3049 1120 3114 ubicationis
1129 3049 1302 3113 continetur

206 3162 337 3227 circulus
362 3163 497 3227 vitiosus.
543 3162 625 3226 Nam
654 3162 786 3247 spatium
817 3162 960 3226 definitur
988 3185 1043 3246 per
1071 3161 1300 3246 possibilitatem

206 3274 424 3351 ubicationum,
440 3284 471 3338 et
488 3273 620 3338 ubicatio
639 3297 693 3359 per
713 3273 838 3340 modum
860 3272 980 3338 essendi
997 3273 1029 3335 iu
1046 3274 1164 3358 spatio:
1187 3283 1218 3335 et
1232 3272 1300 3337 ideo

207 3395 351 3449 neutrum
366 3386 578 3450 convenienter
591 3384 766 3469 explicatur.

250 3496 430 3581 Respondeo
444 3521 473 3559 a.
489 3505 553 3560 ant.
575 3495 844 3581 adprobationem
865 3497 934 3561 dist.
957 3505 1019 3560 ant.
1064 3497 1204 3580 Spatium
1227 3495 1299 3560 defi·

207 3608 290 3672 nitur
311 3630 366 3692 per
387 3608 617 3692 possibilitatem
641 3607 849 3672 ubicationnm
871 3608 1046 3672 definitione
1068 3607 1246 3692 descriptiva
1268 3617 1299 3671 et

206 3719 244 3783 ab
267 3720 433 3784 extrinseco
448 3744 473 3784 c.
487 3728 549 3784 ant.
572 3719 748 3783 definitione
770 3719 924 3783 essentiali
946 3728 977 3783 et
999 3742 1035 3783 ex
1050 3720 1113 3783 suis
1127 3719 1299 3783 intrinsecis

205 3854 235 3895 a.
258 3840 321 3895 ant.
343 3840 373 3896 et
394 3854 472 3895 eona.
516 3830 648 3908 Quando
670 3830 807 3909 dicimus,
831 3831 963 3915 spatium
978 3853 1043 3894 esse
1068 3830 1299 3914 possibilitatem

205 3942 423 4016 ubicationum,
444 3966 506 4006 non
528 3942 716 4006 intendimus
737 3942 862 4007 definire
880 3943 1039 4006 entitatem
1063 3942 1161 4027 spatii,
1178 3941 1231 4005 sed
1248 3963 1298 4004 ex-

204 4054 316 4139 plicare
330 4055 395 4118 eius
410 4053 565 4118 notionem
580 4077 633 4139 per
647 4055 862 4139 proprietatem
877 4054 961 4118 illam
976 4054 1171 4139 potentialem
1185 4054 1298 4116 extrin-

205 4188 313 4244 secam,
329 4166 415 4230 cuius
430 4188 487 4250 ope
501 4165 638 4229 eamdem
652 4166 807 4229 notionem
821 4165 910 4229 nobis
925 4166 1128 4230 efformamus.
1166 4164 1298 4240 Quando

205 4287 307 4340 autem
322 4276 463 4341 volumus
479 4277 610 4361 spatium
626 4277 798 4341 absolutum
818 4277 942 4341 definire
962 4277 1130 4341 secundum
1146 4276 1229 4360 quod
1250 4285 1296 4339 est

205 4410 222 4451 a
244 4398 329 4472 parte
351 4389 393 4452 rei
415 4388 449 4451 in
471 4388 578 4472 seipso,
594 4388 723 4452 dicimus
745 4387 822 4452 illud
840 4411 904 4452 esse
935 4388 1031 4473 ipsam
1054 4388 1114 4452 Dei
1142 4387 1297 4450 immensi·

1112 4519 1128 4562 s
