3200 4984
294 363 358 425 268
649 383 691 425 nn
707 382 825 426 narnus
839 382 1029 426 coarianis.
1266 360 1350 445 [car.
1366 378 1392 421 1.

296 571 442 635 occupare
463 548 529 613 loca
550 548 719 633 inaequalia,
741 557 772 614 et
795 557 910 613 eontra.
956 546 1120 624 Quantitas
1139 570 1210 613 vero
1229 547 1392 613 voluminis

296 668 420 727 nonest
435 659 590 746 quantitas
611 660 754 746 corporis,
770 660 825 725 sed
838 660 992 746 quantitas
1007 660 1097 745 spatii
1111 659 1223 725 talibus
1243 659 1394 724 limitibus

296 772 429 857 corporis
463 772 681 852 determinata,
715 780 746 837 et
775 772 843 837 ideo
872 774 1027 858 quantitas
1056 771 1218 837 voluminis
1241 771 1393 836 sensibilis

297 893 343 949 est
357 884 423 969 ipse
441 885 527 953 locus
547 885 689 970 corporis,
707 906 770 949 non
789 893 892 949 autem
911 906 1031 969 corpus.
1075 884 1154 948 Vide
1174 908 1241 971 quae
1261 884 1394 948 diximus

297 1002 345 1064 De
363 1003 526 1065 adstantia
544 1024 681 1085 corporea
703 1024 788 1065 num.
815 1004 886 1081 110,
910 1005 982 1080 lll,
1007 1001 1059 1066 ubi
1077 1000 1281 1085 probavimus,
1307 1001 1396 1067 volu·

297 1134 368 1176 men
394 1116 598 1197 peometriccm
627 1136 690 1178 non
719 1113 846 1178 existere
871 1113 904 1177 in
929 1123 1039 1177 natura
1066 1136 1218 1197 corporea,
1247 1113 1301 1177 sed
1328 1136 1407 1177 esse⁴

297 1223 413 1310 aliquid
429 1225 703 1309 phaenomenicum.
748 1225 795 1289 Ex
812 1224 861 1288 his
878 1226 1046 1305 conficitur,
1065 1226 1213 1289 rationem
1235 1224 1394 1289 formalem

297 1336 465 1421 occupandi
486 1338 618 1422 spatium
634 1359 696 1402 non
710 1360 775 1401 esse
795 1338 1000 1421 quantitatem
1021 1337 1083 1401 sive
1102 1360 1217 1416 massae,
1232 1337 1293 1401 sive
1308 1335 1395 1401 volu·

296 1449 397 1514 minis.
441 1450 491 1528 llt,
507 1449 577 1514 licet
600 1449 633 1514 in
655 1449 760 1513 ordine
782 1449 1011 1533 phaenomenico
1033 1460 1282 1533 repraesentemus
1305 1450 1394 1514 nobis

296 1582 405 1645 corpus
429 1561 615 1625 admodum
639 1560 803 1627 voluminis
832 1561 1008 1645 geometrici
1031 1561 1186 1646 implentis
1214 1561 1316 1625 locum
1339 1583 1395 1645 per

295 1694 381 1736 auam
407 1674 619 1757 quantitatem,
648 1673 849 1738 nihilominus
872 1673 906 1738 in
929 1673 1035 1738 ordine
1057 1674 1132 1737 reali
1154 1673 1312 1757 occupatio
1334 1672 1395 1737 loci

294 1795 417 1848 nonest
436 1785 497 1849 nisi
515 1787 676 1869 praesentia
706 1786 869 1850 materialis
899 1786 1091 1870 singulorum
1119 1786 1336 1851 elementorum
1359 1786 1394 1849 in

295 1897 410 1981 spatio:
433 1897 515 1982 quod
531 1898 663 1982 spatium
679 1898 790 1962 dicitur
805 1899 894 1978 locro,
906 1897 1028 1982 quando
1042 1921 1096 1982 per
1110 1898 1267 1962 sensibiles
1280 1898 1392 1961 limites

294 2010 542 2093 apprehenditur.
587 2010 669 2075 Hinc
684 2011 775 2075 etiam
791 2011 876 2075 locus
890 2034 952 2074 non
967 2010 1059 2075 habet
1073 2011 1222 2075 unitatem
1237 2034 1256 2074 a
1269 2032 1393 2095 corpore

294 2120 392 2185 locato
418 2122 525 2205 (quum
550 2144 659 2207 corpus
689 2122 801 2207 ipsum,
825 2131 860 2186 ut
886 2131 1046 2207 quantum,
1067 2122 1107 2186 sit
1135 2121 1305 2207 multiplex,
1329 2144 1392 2186 non

295 2236 404 2319 unum)
434 2234 488 2298 sed
517 2234 554 2299 ab
584 2235 834 2319 apprehensione,
864 2233 1031 2298 secundum
1061 2257 1154 2318 quam
1181 2234 1390 2319 componimus

294 2346 383 2430 plura
404 2346 437 2410 in
460 2369 554 2411 unam
577 2346 768 2426 totalitatem,
799 2347 878 2410 sicut
900 2345 1033 2409 vicissim
1056 2345 1136 2409 hanc
1158 2345 1335 2409 resolvimus
1358 2346 1390 2409 in

293 2457 391 2541 plura.
437 2456 557 2533 Quibus
572 2458 688 2543 positis,
709 2467 835 2542 apparet
850 2479 904 2520 cur
917 2456 1059 2540 neganda
1073 2458 1112 2520 sit
1127 2456 1236 2520 ultima
1253 2458 1391 2542 probatio

294 2569 463 2633 adversarii.
510 2570 591 2633 Nam
613 2570 710 2633 dicere
734 2568 818 2655 quod
841 2568 995 2652 quantitas
1019 2568 1194 2652 occupando
1217 2568 1318 2632 locum
1339 2568 1391 2632 dat

294 2704 359 2745 esre
373 2680 449 2759 loco,
459 2680 538 2744 sicut
553 2703 643 2744 causa
656 2680 801 2758 formalis,
811 2687 857 2743 est
871 2702 982 2763 ponere
997 2680 1080 2763 quod
1093 2680 1144 2743 ille
1158 2680 1242 2744 locus
1257 2703 1320 2744 non
1334 2689 1391 2759 est,

293 2794 354 2857 nisi
368 2803 531 2879 occupetur
546 2794 583 2858 ab
598 2794 651 2858 illa
670 2816 814 2878 corporea
836 2793 1017 2878 quantitate.
1063 2793 1131 2858 Hoc
1150 2802 1252 2857 autem
1269 2801 1316 2857 est
1335 2793 1390 2857 fal-

295 2928 381 2985 sum3
404 2929 477 2985 narn
491 2916 627 2971 cessante
642 2906 693 2970 illa
708 2906 880 2992 quantitate
900 2927 1050 2990 corporea,
1066 2915 1169 2969 manet
1183 2906 1282 2969 adhuc
1296 2906 1390 2985 locus,

294 3018 416 3080 tametsi
435 3039 558 3081 vacuus.
601 3017 685 3100 Ergo
708 3016 820 3081 entitas
843 3017 902 3081 loci
924 3026 1053 3082 nonest
1076 3018 1188 3082 entitas
1211 3020 1391 3105 quantitatis

295 3150 454 3211 corporeae,
478 3128 531 3193 sed
559 3128 714 3212 quantitas
738 3150 890 3213 corporea,
909 3129 942 3191 in
962 3138 1112 3213 quantum
1135 3129 1227 3193 habet
1249 3130 1389 3210 limitem,

294 3238 406 3303 limitat
420 3239 521 3303 locum
542 3238 733 3303 sensibiliter.
778 3239 840 3303 Hic
855 3248 957 3303 autem
971 3240 1068 3319 limes,
1084 3241 1142 3303 etsi
1157 3241 1299 3305 terminet
1313 3241 1391 3305 rela-

294 3353 388 3417 tivam
402 3362 433 3417 et
449 3352 620 3417 sensibilem
644 3354 846 3437 quantitatem
869 3353 937 3431 loci,
958 3363 1140 3418 nontamen
1158 3353 1297 3417 absolute
1318 3377 1392 3418 con·

184 3494 185 3497 ¹
296 3464 396 3527 stituit
406 3464 564 3527 entitatem
575 3462 643 3542 loci,
654 3464 745 3527 sicuti
756 3463 869 3527 limites
883 3463 970 3527 lineae
985 3487 1047 3528 non
1062 3465 1254 3529 constituunt
1268 3466 1389 3531 lineam.

297 3576 398 3653 Quare
417 3576 635 3655 concludimus,
656 3576 859 3660 quantitatem
873 3599 937 3639 non
951 3599 1097 3661 occupare
1110 3578 1212 3641 locum
1227 3578 1327 3642 dando
1342 3601 1389 3641 se-

295 3688 392 3771 ipsam
407 3687 483 3767 loc0,
499 3688 552 3752 sed
569 3687 726 3752 referendo
750 3688 879 3772 seipsam
899 3686 938 3751 ad
953 3698 1067 3772 puncta
1081 3688 1220 3752 virtualia
1233 3690 1390 3753 immensi·

294 3800 365 3863 tatis
380 3799 425 3862 illi
438 3800 504 3863 loco
518 3800 741 3884 respondentia.

338 3916 391 3976 27.
440 3914 565 3977 Odiiciea
579 3914 623 3976 2⁰.
669 3912 703 3976 Si
718 3912 827 3975 Petrus
846 3911 1036 3992 bilocaretur,
1055 3935 1165 3997 corpus
1184 3914 1249 3977 eiua
1263 3924 1341 3977 esset
1356 3914 1390 3977 in

293 4024 359 4087 loco
374 4024 629 4109 circumscriptive
644 4033 675 4087 et
689 4047 752 4088 non
762 4014 1027 4107 circumscriptive.
1052 4024 1190 4089 Primum
1203 4026 1388 4110 supponitur

293 4148 324 4199 et
340 4135 521 4199 admittitur.
567 4134 740 4199 Secundum
755 4145 840 4219 patet
847 4162 857 4214 3
881 4135 1045 4219 quialocus
1056 4136 1330 4221 circumscriptivus
1345 4138 1388 4201 rei

293 4256 349 4326 est,
365 4248 445 4311 intra
460 4270 551 4331 quem
566 4248 609 4311 ita
623 4248 751 4331 capitur,
766 4256 802 4310 ut
817 4248 895 4310 nihil
909 4248 974 4312 eius
988 4246 1028 4310 sit
1039 4257 1131 4312 extra.
1178 4250 1273 4334 Atqui
1286 4257 1386 4313 totum

293 4380 408 4441 corpus
419 4367 498 4421 esset
512 4367 595 4422 extra
609 4381 663 4443 per
677 4358 898 4424 bilocationem.
942 4359 1035 4443 Ergo.
