3200 4984
194 416 262 461 oar.
279 396 319 481 1.]
550 414 592 457 nn
608 412 726 457 narnus
743 411 932 456 cormunis.
1228 390 1292 452 269

238 581 418 667 Respondeo
432 603 496 664 nep.
513 588 572 644 aut.
589 578 858 664 adprobationem
873 600 902 641 a.
919 579 998 641 Mat.
1022 576 1103 641 Nam
1125 577 1210 641 locus
1229 598 1292 641 non

196 692 416 759 circumscribit
438 714 558 776 corpus,
584 692 638 756 sed
662 713 717 776 per
741 690 856 754 limites
879 689 1012 774 corporis
1033 690 1209 774 occupantis
1228 690 1293 774 ipse

197 805 465 882 circumscribitur,
481 812 624 888 utsupra
644 803 786 867 diximus.
835 801 918 865 Hinc
932 802 959 865 si
977 801 1057 865 idem
1073 824 1182 886 corpus
1199 802 1240 865 sit
1260 803 1294 866 in

198 917 317 982 duobus
331 917 415 995 locis,
437 914 665 980 circumscribet
687 914 749 979 duo
769 914 845 992 loca,
869 914 968 978 idest
991 913 1204 978 determinabit
1219 914 1294 978 duas

197 1029 383 1115 quantitates
406 1028 496 1112 spatii
514 1026 663 1091 limitibus
684 1025 888 1105 sensibilibus,
905 1024 958 1111 qui
971 1024 1084 1090 limites
1098 1035 1188 1089 erunt
1201 1025 1294 1089 iidem

198 1140 394 1205 materialiter
408 1148 439 1203 et
453 1140 487 1203 in
502 1139 608 1203 ordine
623 1137 772 1216 absoluto,
794 1136 903 1202 diversi
923 1145 1025 1201 autem
1041 1138 1098 1201 sub
1113 1137 1295 1201 formalitate

198 1250 256 1315 loci
271 1258 303 1314 et
317 1250 351 1315 in
366 1250 471 1314 ordine
494 1249 618 1313 relativo
632 1248 671 1312 ob
687 1248 835 1311 diversam
850 1269 955 1311 eorum
968 1247 1144 1311 relationem
1167 1248 1205 1312 ad
1226 1248 1293 1313 alia.

206 1412 208 1419 .
241 1363 381 1425 lactabis.
406 1362 439 1425 si
455 1362 565 1424 Petrus
586 1368 686 1445 potest
708 1359 843 1436 bilocari,
864 1367 966 1443 potest
986 1360 1078 1423 etiam
1100 1359 1241 1439 trilocari,
1264 1369 1296 1423 et

199 1472 393 1553 multilooari.
438 1473 545 1537 Posset
565 1494 637 1556 ergo
660 1471 742 1535 solus
765 1472 876 1535 Petrus
889 1472 1005 1535 efficere
1027 1471 1102 1535 duas
1121 1472 1200 1535 acies
1215 1494 1295 1557 pug-

199 1585 351 1665 nantium,
366 1584 410 1649 ita
423 1584 507 1648 utin
522 1606 585 1648 una
601 1583 665 1648 acie
679 1584 822 1661 vinceret,
844 1582 918 1647 dum
932 1583 966 1647 in
980 1583 1038 1646 alia
1057 1593 1241 1647 morereturr
1263 1585 1296 1648 in

201 1720 263 1761 una
271 1696 391 1776 caleret,
403 1696 477 1759 dum
491 1695 523 1758 in
539 1694 597 1759 alia
611 1695 797 1780 frigesceret:
816 1694 849 1757 in
860 1716 923 1757 una
937 1702 1061 1774 amaret,
1072 1694 1146 1758 dum
1161 1696 1193 1758 in
1205 1695 1299 1760 altera

200 1830 263 1873 non
286 1815 411 1872 amaret.
454 1805 533 1883 Quae
554 1806 656 1870 omnia
676 1806 810 1871 absurda
824 1814 907 1885 sunt,
922 1813 957 1869 ut
971 1813 1065 1889 patet.

243 1919 425 2003 Respondeo
440 1941 519 1982 coac.
529 1927 592 1981 aot.
608 1926 638 1982 et
653 1940 717 2001 nep.
733 1940 811 1981 cons.
824 1917 896 2001 quia
909 1939 1056 2001 pugnare,
1072 1940 1182 1998 amare,
1197 1927 1229 1982 et
1244 1942 1297 2003 ge-

200 2031 329 2095 neratim
345 2052 444 2114 agere,
461 2029 599 2114 quamvis
608 2029 766 2113 indigeant
780 2029 856 2107 loco,
867 2051 931 2092 non
943 2038 1046 2093 tamen
1055 2030 1298 2115 multiplicantur

201 2142 403 2228 multiplicato
413 2142 489 2221 loco,
500 2164 596 2226 quum
604 2141 690 2206 locus
697 2163 762 2204 non
774 2141 815 2203 sit
823 2139 1007 2225 principium
1019 2141 1156 2221 actionis,
1166 2141 1219 2205 sed
1229 2150 1297 2205 tan-

202 2264 269 2318 tum
284 2253 419 2318 conditio
433 2252 635 2317 essentialiter
645 2253 853 2338 praerequisita
866 2261 903 2316 ut
913 2262 1016 2316 motus
1030 2254 1166 2337 corporei
1178 2254 1298 2338 possint

201 2366 284 2430 fieri:
308 2365 361 2429 sed
372 2365 429 2429 hac
440 2364 613 2429 conditione
625 2364 732 2449 posita,
742 2372 777 2427 ut
788 2371 943 2449 ponantur
954 2362 1063 2427 diversi
1071 2372 1168 2443 actus,
1177 2386 1298 2428 necesse

202 2487 248 2542 est
259 2499 371 2563 ponere
386 2476 502 2541 diversa
516 2475 664 2561 principia
679 2475 785 2554 activa,
795 2475 843 2538 vel
854 2474 959 2539 saltem
971 2470 1103 2539 diversas
1118 2475 1299 2541 determina-

203 2588 301 2652 tiones
325 2587 460 2652 ciusdem
485 2586 627 2671 principii
651 2586 750 2651 activi.
799 2587 874 2651 Ideo
898 2587 997 2670 posita
1019 2586 1209 2668 bilocatione,
1236 2612 1298 2653 non

203 2700 342 2785 sequitur
366 2721 455 2783 posse
477 2699 601 2763 Petrum
623 2698 699 2763 velle
718 2707 750 2762 et
770 2698 932 2777 nouvelle,
951 2720 1051 2763 amare
1065 2708 1096 2763 et
1110 2721 1173 2764 non
1187 2723 1297 2780 amare,

203 2821 261 2876 etc.
306 2810 399 2887 Quod
412 2819 515 2874 autem
530 2810 642 2873 attinet
651 2809 689 2873 ad
703 2809 859 2894 passiones
869 2810 992 2893 frigoris
1002 2819 1034 2873 et
1044 2811 1161 2891 caloris,
1173 2822 1204 2875 et
1215 2812 1300 2879 simi·

203 2922 290 3001 bum,
305 2921 362 3002 hac,
377 2922 410 2986 in
425 2930 575 3006 quantum
591 2930 664 2985 sunt
673 2921 857 3003 modificatio
871 2921 1014 3005 corporis,
1030 2930 1116 2986 motu
1130 2922 1216 2999 locali
1230 2947 1299 3008 per-

204 3035 367 3113 ficiuntur3
390 3042 420 3098 et
435 3033 503 3097 ideo
518 3032 720 3117 multiplicato
736 3033 800 3097 loeo
815 3041 961 3117 poterunt
981 3056 1047 3098 esse
1061 3033 1092 3096 in
1111 3034 1219 3098 eodem
1233 3058 1299 3099 cor-

205 3168 294 3230 pore:
317 3145 350 3208 in
365 3154 513 3230 quantum
530 3166 599 3209 vero
615 3144 791 3209 sentiuntur
805 3167 860 3228 per
879 3154 982 3210 actum
997 3145 1042 3209 ris
1057 3147 1216 3226 sensitivae,
1231 3148 1300 3211 nul-

205 3254 266 3320 lam
280 3256 440 3320 involvunt
455 3255 673 3335 difficultatem,
689 3279 785 3340 quum
807 3256 912 3321 eadem
927 3256 972 3321 vis
992 3256 1080 3341 plura
1101 3259 1192 3322 simul
1207 3269 1238 3323 et
1253 3261 1299 3324 di-

205 3391 290 3433 versa
312 3368 423 3433 sentire
442 3368 547 3452 possit,
569 3369 661 3432 etiam
675 3369 708 3431 in
723 3368 829 3433 eodem
850 3369 995 3448 membro,
1011 3370 1094 3433 utin
1108 3394 1180 3435 cirre
1195 3372 1299 3435 molti-

205 3481 315 3565 plicem
337 3502 456 3558 sonum,
479 3480 511 3542 in
533 3502 627 3543 manu
649 3480 788 3559 calorem,
811 3480 992 3565 chiragram,
1011 3481 1143 3565 pondus,
1158 3492 1216 3546 etc.
1261 3484 1300 3547 In

206 3592 291 3656 omni
305 3614 387 3669 casu,
404 3591 443 3654 ad
457 3590 623 3655 tollendam
643 3590 914 3656 contradictionem
934 3614 1052 3676 semper
1074 3594 1223 3658 sufficeret
1244 3617 1300 3658 no-

207 3712 282 3782 tare,
302 3702 386 3787 quod
406 3703 526 3780 Petrus,
542 3702 568 3765 si
590 3701 681 3766 simul
695 3710 850 3786 pateretur
864 3703 962 3786 frigus
976 3712 1007 3767 et
1021 3704 1161 3783 calorem,
1176 3705 1301 3771 referret

208 3814 410 3879 sensationem
433 3812 539 3877 caloris
559 3812 597 3877 ad
618 3835 649 3876 se
671 3821 706 3877 ut
729 3814 835 3877 Romae
855 3814 998 3893 locatum,
1014 3815 1216 3879 sensationem
1231 3840 1301 3882 vero

208 3926 329 4011 frigoris
344 3925 384 3989 ad
399 3948 431 3989 se
444 3934 481 3988 ut
496 3924 629 3988 Londini
651 3925 829 3989 existentem
838 3950 848 4004 3
870 3947 925 4009 per
946 3948 1022 4011 quas
1042 3926 1117 3990 duas
1138 3927 1303 3995 locationes

207 4060 319 4122 corpus
333 4037 403 4103 eius.
412 4038 498 4101 fieret
513 4058 604 4120 capax
626 4032 812 4100 diversarum
833 4036 1092 4101 modificationum
1107 4061 1125 4102 a
1143 4037 1219 4120 loco,
1235 4049 1303 4105 uta

207 4148 392 4227 conditione,
408 4148 656 4233 dependentium.

253 4261 430 4345 Replicatis.
465 4259 500 4323 Si
523 4260 633 4323 Petrus
652 4267 752 4344 potest
774 4258 908 4339 bilocari,
923 4260 1034 4344 poterit
1048 4261 1139 4325 etiam
1159 4264 1303 4328 constitui

209 4369 333 4457 ubique.
378 4369 478 4433 lieret
489 4392 561 4453 ergo
575 4370 760 4435 immensus:
783 4370 865 4455 quod
880 4379 926 4434 est
941 4371 1031 4455 plane
1045 4371 1218 4438 ridiculum.
