3200 4984
223 398 292 441 cna.
309 378 366 462 11.]
516 366 518 370 ⁷
563 373 611 442 ‘nn
628 401 831 445 suasurum
846 402 1027 447 coarctans.
1091 443 1096 451 ‚
1269 386 1332 451 153

224 561 384 627 actuabilis
399 561 492 626 habet
507 563 658 627 infinitam
671 564 1003 645 indeterminationem,
1020 589 1114 651 quum
1132 566 1172 632 sit
1187 566 1264 631 nihil
1280 566 1332 630 de·

224 674 392 752 terminati,
407 673 462 738 sed
480 697 558 760 pura
577 674 860 741 determinabilitas.
905 678 989 763 Ergo
1007 678 1221 743 convenienter
1242 678 1334 743 datur

225 786 272 849 illi
287 786 386 850 forma
399 785 552 850 intensive
567 786 699 852 infinita.

217 960 220 965 .
270 898 364 983 Resp.
388 907 427 962 tr.
443 907 506 963 ant.
522 898 561 963 ad
576 897 663 983 prob.
684 922 715 963 o.
730 901 813 963 Mai.
835 922 907 963 nam
930 923 994 963 non
1015 901 1160 986 supponit
1181 901 1373 965 infinitam*

225 1008 555 1089 indeterminationem,
571 1010 626 1074 sed
647 1010 800 1074 infinitam
823 1011 1140 1077 determinabilitatem
1150 1041 1160 1093 3
1184 1014 1266 1098 qnod
1286 1022 1333 1079 est

227 1121 303 1205 quid
316 1121 481 1188 diversum.
525 1122 593 1186 Iam
615 1144 685 1186 vero
707 1123 835 1187 materia
857 1146 920 1187 non
943 1134 989 1187 est
1010 1123 1250 1189 determinabilis
1272 1125 1332 1189 nisi

109 1268 114 1273 -
227 1234 318 1297 unica
347 1232 610 1312 determinatione,
640 1256 737 1318 eaque
766 1234 987 1319 praescindente
1017 1234 1056 1299 ab
1078 1235 1256 1301 intensitate
1276 1237 1332 1328 vis,

228 1368 296 1430 quae
317 1345 473 1409 radicatur
491 1345 527 1408 in
548 1345 648 1409 forma
668 1354 829 1411 actuante:
851 1346 1074 1411 determinatur
1094 1348 1177 1412 enim
1199 1370 1254 1433 per
1275 1349 1333 1413 hoc

228 1456 311 1541 qnod
332 1464 489 1521 amaretur:
510 1456 626 1521 actuari
647 1466 750 1521 antem
773 1466 820 1521 est
845 1457 878 1520 in
902 1456 1089 1538 indivisibili,
1116 1482 1172 1523 nec
1195 1460 1332 1524 admittit

228 1567 342 1653 gradus
363 1567 569 1632 intensitatis:
593 1577 624 1631 et
646 1576 710 1631 tam
732 1576 873 1632 actuatur
895 1568 1022 1635 materia
1045 1592 1063 1633 a
1084 1570 1181 1635 forma
1200 1571 1333 1638 habenta

228 1681 289 1744 vim
316 1680 462 1745 motivam
484 1680 655 1761 minimam,
671 1703 763 1765 quarn
786 1680 826 1743 ab
848 1680 980 1770 habente
1003 1682 1176 1762 maximam,
1197 1692 1233 1746 nt
1259 1683 1332 1748 alibi

229 1803 386 1857 ostensum
401 1800 458 1857 est.

273 1904 405 1989 Insuper
418 1927 448 1969 o.
463 1905 534 1968 mio.
549 1900 621 1988 quia
636 1903 882 1969 indeterminatio
905 1906 1012 1990 nequit
1027 1928 1093 1970 esse
1107 1905 1238 1983 infinita,
1255 1906 1334 1972 sicut

228 2039 285 2081 nec
300 2016 363 2080 ulla
378 2015 510 2100 negatio,
526 2023 623 2099 qnum²
639 2015 678 2079 sit
693 2016 726 2079 in
737 2015 927 2105 indivisibili.

273 2128 442 2194 Transmisi
471 2136 573 2191 autem
603 2127 796 2214 antecedens,
819 2150 859 2191 ne
881 2128 1055 2212 ingrederer
1075 2129 1275 2213 quaestionem
1298 2130 1335 2194 de

229 2241 430 2326 possibilitate
445 2239 589 2305 elementi
597 2240 762 2304 materialis
770 2240 913 2304 habentis
922 2240 983 2304 vim
994 2241 1152 2306 entitative
1160 2241 1311 2305 infinitam
1327 2268 1333 2307 :

229 2354 375 2426 bicenim
393 2353 513 2437 agimus
529 2352 567 2416 de
586 2352 712 2416 materia
734 2351 892 2432 existente,
914 2374 981 2436 quae
1002 2352 1040 2416 de
1062 2352 1142 2417 lacto
1160 2352 1251 2416 talem
1272 2352 1333 2417 vim

228 2465 381 2531 infinitam
406 2486 469 2529 non
494 2463 597 2543 babet,
620 2472 657 2527 ut
679 2486 786 2527 omnes
810 2463 989 2542 admittunt,
1012 2472 1043 2527 et
1062 2472 1114 2527 est.
1127 2464 1336 2547 perspicuum.

231 2577 340 2642 Obiter
360 2586 464 2641 tamen
487 2576 610 2655 notabo,
633 2576 696 2640 vim
721 2575 909 2640 materialem
931 2576 1089 2639 entitative
1109 2574 1270 2655 infinitam,
1290 2584 1335 2640 et·

231 2690 320 2753 iamsi
335 2687 503 2752 secundum
519 2709 629 2751 senon
646 2695 843 2772 repugnaret,
859 2696 890 2750 et
906 2686 943 2754 de
959 2687 1096 2771 potentia
1112 2685 1173 2751 Dei
1195 2684 1335 2751 absoluta

231 2801 323 2865 creari
338 2808 441 2885 posset
459 2799 554 2884 (quod
568 2799 618 2863 vix
639 2798 762 2862 admitti
779 2799 905 2882 potest),
929 2820 991 2861 non
1012 2806 1115 2861 tamen
1138 2798 1232 2861 creari
1247 2820 1335 2883 posse

232 2913 269 2975 de
285 2911 421 2997 potentia
435 2911 497 2974 Dei
511 2910 675 2987 ordinaria,
690 2909 723 2973 id
738 2918 785 2973 est
801 2909 960 2994 supposito
975 2909 1059 2994 qnod
1078 2909 1164 2973 Deus
1183 2910 1335 2994 sapienter

231 3034 337 3088 utatur
357 3046 412 3087 sua
433 3022 664 3106 omnipotentia.
709 3021 792 3084 Nam
815 3016 860 3086 vis
878 3020 991 3085 motiva
1010 3010 1212 3085 infinitanon
1233 3029 1336 3106 posset

230 3135 365 3200 ordinari
379 3134 418 3199 ad
432 3134 566 3219 aliquem
579 3133 723 3197 effectum
737 3132 982 3217 producendum,
998 3142 1028 3195 et
1045 3132 1088 3195 sic
1103 3142 1182 3197 esset
1197 3134 1335 3217 potentia

231 3248 327 3311 activa
351 3246 416 3310 sine
440 3254 512 3310 actu
535 3268 591 3310 suo
616 3244 750 3308 naturali
762 3271 771 3322 ;
801 3244 885 3329 quod
915 3253 994 3308 esset
1019 3255 1126 3308 contra
1152 3244 1333 3329 sapientiam

231 3358 393 3423 Creatoris.
912 3436 914 3440 7

167 3446 170 3450 ⁵
274 3471 316 3533 Et
331 3468 486 3555 probatur.
521 3469 603 3533 Nam
617 3468 663 3531 vis
678 3468 791 3532 motiva
814 3466 935 3532 infinita
949 3465 1141 3531 ordinaretur
1159 3466 1199 3531 ad
1214 3477 1332 3532 motum

230 3559 469 3668 producendum·
482 3579 602 3643 infinite
617 3579 794 3643 intensum:
818 3566 868 3643 hic
888 3587 991 3642 autem
1007 3587 1109 3641 motus
1128 3587 1174 3642 est
1194 3579 1335 3665 impossi-

231 3694 301 3758 bilis
315 3702 346 3757 et
361 3692 523 3755 intrinsece
537 3712 724 3773 repugnans.
768 3690 854 3773 llrgo
869 3712 931 3753 non
946 3699 1049 3774 posset
1069 3688 1203 3753 ordinari
1218 3690 1262 3753 vis
1281 3690 1335 3754 illa

231 3806 270 3870 ad
284 3816 387 3869 actum
404 3803 462 3867 sibi
476 3802 658 3883 naturalem.
704 3801 795 3878 Quod
817 3811 920 3866 autem
936 3810 1038 3865 motus
1055 3800 1175 3863 infinite
1195 3801 1334 3866 intensus

231 3924 392 4002 repugnet,
408 3922 533 3999 apparet
548 3935 585 3976 ex
599 3913 667 3991 boc,
677 3913 760 3997 quod
772 3934 885 3997 eorpus
897 3912 1203 3976 motumintensitate
1214 3911 1335 3979 infinita

232 4033 265 4093 in
280 4028 409 4093 instanti
423 4024 602 4090 indivisibili
616 4010 805 4109 percurreret
828 4025 960 4109 spatium
981 4025 1136 4110 quoddam
1150 4025 1282 4105 finitum,
1303 4036 1335 4091 et

232 4146 264 4207 in
280 4139 415 4227 qnalibet
430 4137 577 4222 temporis
592 4137 675 4199 finiti
690 4136 863 4200 differentia
877 4144 1066 4220 percurreret
1081 4137 1214 4220 spatium
1231 4136 1334 4201 infini-

233 4268 309 4321 tum.
355 4252 531 4335 Utrumque
546 4271 615 4313 vero
636 4270 722 4332 aeque
745 4256 909 4331 repugnat.
954 4247 1090 4310 Primum
1113 4248 1247 4332 quidem,
1263 4248 1334 4333 quia

167 4380 186 4393 ”
233 4381 308 4432 tunc
323 4363 466 4451 quaelibet
481 4384 551 4447 pars
566 4360 699 4444 corporis
716 4358 790 4423 moti
806 4368 885 4423 esset
902 4357 993 4421 simul
1008 4358 1040 4421 in
1056 4356 1181 4422 diversis
1204 4358 1287 4437 locis,
1303 4368 1333 4423 et
