3200 4984
287 372 351 461 184Δ
609 394 652 437 nr
668 393 1066 439 sunsrsnrracoaroaas.
1196 390 1199 397 ·
1243 372 1330 461 [car.
1347 394 1388 437 11.

288 568 412 645 propter
426 570 616 626 constantem
633 563 783 627 achonem
799 584 886 627 suam
909 562 1016 627 tendm
1038 561 1078 626 ad
1095 561 1271 646 dirigendos
1285 573 1390 627 motus

286 668 416 737 aliorum
438 672 669 753 elementorum,
691 673 756 739 haec
778 684 893 755 tamem
915 674 988 759 quia
1010 683 1084 738 sunt
1109 674 1278 753 attractiva,
1304 673 1391 739 facil-

287 782 359 847 lime
374 793 503 869 possunt
517 808 573 870 pro
588 784 725 871 qualibet
738 786 920 851 attractione
933 785 1101 851 ertdnseea
1119 808 1138 850 a
1152 796 1257 851 centro
1272 809 1328 851 sno
1341 810 1391 851 re-

287 894 392 959 cedere
407 904 438 961 et
452 897 531 962 circa
543 897 626 963 aliud
641 908 781 962 centrum
795 898 1009 982 agglomerari.
1054 898 1096 962 llt
1110 898 1168 963 hoc
1182 898 1251 962 ideo
1259 899 1306 978 lit,
1317 899 1391 985 quia

288 1016 362 1071 sunt
384 1010 550 1075 attractiva.
597 1011 630 1075 Si
652 1011 734 1075 enim
756 1020 859 1075 essent
880 1011 1042 1097 repulsiva,
1063 1034 1127 1076 non
1149 1011 1284 1076 sinerent
1301 1011 1390 1075 facile

288 1120 531 1205 appropinquare
552 1120 611 1186 alia
632 1121 781 1187 elementa
795 1122 1006 1207 perturbantis
1019 1131 1140 1187 motum
1154 1121 1365 1187 molecularem
1379 1147 1388 1185 ι

288 1230 351 1309 sed,
366 1239 402 1295 ut
417 1233 583 1312 attractiva,
598 1254 660 1297 non
676 1232 774 1297 solum
789 1256 852 1297 non
868 1233 1014 1298 resistunt
1033 1256 1140 1297 eorum
1161 1233 1387 1318 appropinqua·

289 1343 376 1421 tioni,
392 1342 445 1407 sed
467 1344 558 1407 etiam
573 1344 695 1409 favent:
718 1346 820 1430 posita
841 1354 944 1409 erstem
966 1346 1260 1430 appropinquatione
1280 1345 1388 1409 hnius·

288 1453 372 1517 modi
387 1454 465 1518 actio
479 1456 646 1521 extrinseca
660 1457 820 1521 attractiva
832 1457 869 1520 fit
883 1479 995 1541 magna
1010 1464 1043 1520 et
1052 1456 1154 1520 avellit
1168 1455 1354 1520 elementum
1368 1476 1391 1520 a

288 1586 344 1629 sua
369 1566 526 1646 molecula,
556 1576 592 1631 ιιι
617 1577 707 1651 cogat
735 1568 814 1633 illud
839 1591 910 1632 cunr
939 1568 1007 1631 aliis
1035 1568 1211 1633 extrinsecis
1240 1567 1388 1631 oscillare.

288 1676 391 1752 Quare
406 1677 565 1757 molecula,
581 1678 619 1743 de
634 1702 694 1764 qna
709 1680 822 1763 agitur,
838 1679 1007 1744 necessario
1021 1679 1173 1743 instabilis
1188 1679 1255 1743 erit.

330 1790 382 1852 90.
406 1787 561 1865 Quaemtur
590 1790 849 1875 decimoseptimo,
879 1800 977 1856 samm
1003 1792 1155 1875 possibilis
1182 1793 1223 1854 sit
1248 1790 1395 1854 molecalc'

245 1884 248 1891 ⁴
285 1900 401 1963 nabilis
411 1901 521 1965 hobam
535 1910 664 1965 matam
677 1904 867 1966 attractivnm
881 1903 986 1967 etalio
1000 1902 1141 1966 elcmerata
1154 1902 1311 1986 repulsior.

331 2011 511 2098 Respondeo
534 2013 719 2077 affirmative.
765 2014 847 2078 Nam
866 2012 1015 2078 elementa
1034 2014 1195 2098 repulsiva,
1215 2016 1241 2076 si
1255 2012 1392 2096 habeant

285 2132 423 2187 centrum
440 2126 632 2189 attractivunr
647 2127 910 2209 proportionatum
924 2136 1070 2211 poterunt
1078 2126 1202 2189 retineri
1212 2125 1249 2189 ab
1264 2125 1389 2189 eoeirca

284 2235 408 2318 ipsum:
429 2249 460 2300 et
481 2246 626 2322 praeterea
648 2247 773 2322 propter
786 2238 939 2322 propriam
962 2236 1203 2322 repulsivitatem
1225 2237 1313 2301 facile
1326 2236 1387 2300 im-

284 2348 407 2432 pedient
422 2348 748 2433 appropinquationem
764 2350 891 2413 nimiam
906 2348 1125 2413 elementorum
1137 2340 1387 2426 extrinsecorum,

283 2469 314 2523 et
341 2461 384 2524 sic
410 2459 577 2544 impedient
602 2459 751 2524 actionem
775 2482 881 2524 eorum
907 2460 1115 2523 dissolutiram
1141 2459 1308 2524 moleculae.
1353 2459 1387 2523 Si

256 2660 258 2665 Ι
282 2594 353 2635 vero
367 2581 506 2636 centrum
522 2571 716 2635 attractivum
733 2594 796 2635 uon
812 2573 853 2635 sit
868 2572 906 2636 de
921 2595 953 2636 se
968 2572 1043 2636 adeo
1057 2574 1224 2651 intensum,
1239 2582 1274 2635 ut
1290 2571 1389 2656 possit

282 2684 413 2747 retinere
426 2684 506 2747 circa
520 2706 552 2747 se
566 2683 627 2747 alia
641 2682 790 2747 elementa
806 2683 972 2762 moleculae,
982 2684 1131 2748 molecula
1142 2683 1317 2748 huiusmodi
1327 2683 1387 2747 erit

277 2796 384 2859 minus
399 2796 526 2872 stabilis,
551 2795 605 2859 sed
625 2795 725 2860 adhuc
745 2797 858 2881 poterit
879 2796 994 2881 optime
1017 2796 1188 2860 conservari
1209 2816 1263 2879 per
1283 2794 1386 2878 repul·

283 2907 383 2971 aiones
405 2908 617 2992 provenientes
639 2930 657 2971 a
673 2908 830 2971 molecnlis
853 2908 1131 2985 circumstantibus,
1147 2908 1174 2971 si
1187 2917 1218 2971 et
1234 2907 1308 2991 ipsae
1322 2907 1387 2969 sint

203 3026 212 3042 '
283 3017 416 3081 eiusdem
432 3018 541 3102 speciei
568 3029 622 3081 aut
645 3018 771 3097 similis;
796 3029 832 3081 ut
855 3019 962 3083 accidit
984 3020 1016 3083 in
1039 3020 1143 3083 fluidis
1163 3018 1388 3097 abrisormibus,

281 3150 348 3212 quae
376 3128 531 3211 pressione
556 3129 724 3195 extrinseca
749 3131 957 3194 continentur.
1003 3131 1042 3194 In
1067 3132 1125 3194 hoc
1148 3129 1283 3194 secundo
1312 3152 1385 3194 casu

284 3240 431 3305 molecula
446 3240 558 3305 dicitur
571 3244 738 3325 ecpmnivo.

328 3351 508 3416 Notandum
537 3352 587 3417 hie
616 3363 674 3432 est,
702 3354 808 3418 haberi
831 3355 923 3419 etiam
949 3353 1113 3417 moleculas
1140 3354 1322 3417 resultantes
1351 3374 1388 3416 ex

285 3461 399 3545 duplici
414 3471 579 3549 systemate
599 3464 821 3528 elementorum
836 3467 916 3527 circa
937 3463 1021 3527 idem
1039 3473 1189 3543 centrum,
1204 3473 1240 3526 ut
1255 3463 1282 3526 si
1296 3486 1323 3527 r.
1339 3485 1387 3546 gr.
1447 3544 1451 3549 .

284 3574 362 3637 circa
376 3584 516 3639 centrum
531 3575 719 3659 repulsivam
734 3575 923 3639 haberentur
943 3596 996 3637 sex
1010 3574 1161 3638 elementa
1175 3575 1333 3638 attractiva
1354 3574 1390 3637 in

284 3684 481 3748 oatahedrum
497 3686 653 3771 disposita,
676 3696 708 3751 et
723 3686 843 3766 deinde,
858 3687 898 3750 ad
920 3685 1012 3770 paulo
1033 3686 1176 3749 maiorem
1200 3687 1390 3764 distantiam,

285 3796 469 3861 haberentur
490 3808 558 3861 octo
580 3798 741 3894 elementa,
753 3797 906 3882 repulsiva
925 3797 1140 3882 respondentia
1161 3809 1229 3861 octo
1253 3798 1389 3861 faciebus

196 3933 199 3939 ·
285 3910 448 3974 octahedri.
495 3910 533 3973 In
542 3910 601 3974 hoc
610 3932 684 3975 casu
693 3919 861 3994 utrumque
870 3921 1003 3996 systema
1011 3908 1136 3972 habebit
1145 3908 1226 3971 idem
1236 3922 1388 3986 centrum,

287 4031 318 4085 et
346 4021 496 4086 elementa
524 4021 684 4106 repulsiva,
715 4020 829 4105 quibus
857 4020 1040 4084 terminatur
1068 4020 1199 4083 exterius
1227 4018 1388 4097 molecula,

286 4134 398 4198 facient
413 4143 447 4197 ut
470 4134 536 4218 ipsa
551 4132 698 4198 molecula
715 4134 755 4196 sit
778 4133 824 4196 vel
841 4132 968 4211 stabilis,
984 4132 1031 4195 vel
1046 4131 1224 4215 expansiva:
1247 4142 1386 4195 centrum

288 4256 389 4308 autem
405 4258 474 4308 cunt
497 4245 656 4309 elementis
671 4246 838 4309 attractivis
861 4243 1129 4329 propinquioribus
1149 4244 1314 4307 constituet
1328 4265 1387 4305 nu-

290 4357 386 4418 rlcum
402 4336 564 4438 quemdam
579 4357 743 4421 moleculae.
791 4357 978 4421 Huiusmodi
998 4356 1146 4421 molecula
1162 4357 1259 4420 vocari
1273 4355 1384 4438 poterit
