<?xml version="1.0" encoding="UTF-8"?>
<!DOCTYPE html PUBLIC "-//W3C//DTD XHTML 1.0 Transitional//EN"
    "http://www.w3.org/TR/xhtml1/DTD/xhtml1-transitional.dtd">
<html xmlns="http://www.w3.org/1999/xhtml" xml:lang="en" lang="en">
 <head>
  <title>
</title>
<meta http-equiv="Content-Type" content="text/html;charset=utf-8" />
  <meta name='ocr-system' content='tesseract 3.04.00' />
  <meta name='ocr-capabilities' content='ocr_page ocr_carea ocr_par ocr_line ocrx_word'/>
</head>
<body>
  <div class='ocr_page' id='page_1' title='image "./realisphilosoph00baymgoog_0200.png"; bbox 0 0 3200 4984; ppageno 0'>
   <div class='ocr_carea' id='block_1_1' title="bbox 300 370 1398 454">
    <p class='ocr_par' dir='ltr' id='par_1_1' title="bbox 300 370 1398 454">
     <span class='ocr_line' id='line_1_1' title="bbox 300 370 1398 454; baseline -0.005 -19"><span class='ocrx_word' id='word_1_1' title='bbox 300 374 360 435; x_wconf 72' lang='lat'><strong>182</strong></span> <span class='ocrx_word' id='word_1_2' title='bbox 499 430 505 443; x_wconf 86' lang='lat'><strong>,</strong></span> <span class='ocrx_word' id='word_1_3' title='bbox 612 396 654 439; x_wconf 83' lang='lat' dir='ltr'><strong>os</strong></span> <span class='ocrx_word' id='word_1_4' title='bbox 671 396 877 440; x_wconf 66' lang='lat' dir='ltr'><strong>sosarinus</strong></span> <span class='ocrx_word' id='word_1_5' title='bbox 892 394 1074 439; x_wconf 67' lang='lat' dir='ltr'><strong>cosnosci.</strong></span> <span class='ocrx_word' id='word_1_6' title='bbox 1257 370 1342 454; x_wconf 75' lang='lat' dir='ltr'><strong>[car.</strong></span> <span class='ocrx_word' id='word_1_7' title='bbox 1359 386 1398 431; x_wconf 89' lang='lat'><strong>11.</strong></span> 
     </span>
    </p>
   </div>
   <div class='ocr_carea' id='block_1_2' title="bbox 297 558 1430 2886">
    <p class='ocr_par' dir='ltr' id='par_1_2' title="bbox 297 558 1402 1542">
     <span class='ocr_line' id='line_1_2' title="bbox 297 558 1399 652; baseline -0.007 -22"><span class='ocrx_word' id='word_1_8' title='bbox 297 588 405 643; x_wconf 89' lang='lat' dir='ltr'><strong>unum,</strong></span> <span class='ocrx_word' id='word_1_9' title='bbox 432 566 464 630; x_wconf 91' lang='lat' dir='ltr'><strong>in</strong></span> <span class='ocrx_word' id='word_1_10' title='bbox 490 574 641 651; x_wconf 86' lang='lat' dir='ltr'><strong>quantum</strong></span> <span class='ocrx_word' id='word_1_11' title='bbox 666 588 773 630; x_wconf 88' lang='lat' dir='ltr'><strong>omnes</strong></span> <span class='ocrx_word' id='word_1_12' title='bbox 798 575 899 629; x_wconf 88' lang='lat' dir='ltr'><strong>motus</strong></span> <span class='ocrx_word' id='word_1_13' title='bbox 920 563 1095 652; x_wconf 85' lang='lat' dir='ltr'><strong>oscillatorii</strong></span> <span class='ocrx_word' id='word_1_14' title='bbox 1119 561 1262 646; x_wconf 83' lang='lat' dir='ltr'><strong>partium&#39;</strong></span> <span class='ocrx_word' id='word_1_15' title='bbox 1284 558 1399 623; x_wconf 88' lang='lat' dir='ltr'><strong>habent</strong></span> 
     </span>
     <span class='ocr_line' id='line_1_3' title="bbox 297 672 1399 761; baseline -0.005 -22"><span class='ocrx_word' id='word_1_16' title='bbox 297 698 396 743; x_wconf 87' lang='lat' dir='ltr'><strong>uuum</strong></span> <span class='ocrx_word' id='word_1_17' title='bbox 414 687 445 740; x_wconf 90' lang='lat' dir='ltr'><strong>et</strong></span> <span class='ocrx_word' id='word_1_18' title='bbox 459 675 540 741; x_wconf 89' lang='lat' dir='ltr'><strong>idem</strong></span> <span class='ocrx_word' id='word_1_19' title='bbox 556 690 694 742; x_wconf 78' lang='lat' dir='ltr'><strong>centrum</strong></span> <span class='ocrx_word' id='word_1_20' title='bbox 711 676 889 741; x_wconf 84' lang='lat' dir='ltr'><strong>vibrationis</strong></span> <span class='ocrx_word' id='word_1_21' title='bbox 902 676 936 740; x_wconf 90' lang='lat' dir='ltr'><strong>in</strong></span> <span class='ocrx_word' id='word_1_22' title='bbox 956 698 1018 761; x_wconf 91' lang='lat' dir='ltr'><strong>quo</strong></span> <span class='ocrx_word' id='word_1_23' title='bbox 1038 673 1189 760; x_wconf 88' lang='lat' dir='ltr'><strong>periodice</strong></span> <span class='ocrx_word' id='word_1_24' title='bbox 1203 672 1399 747; x_wconf 86' lang='lat' dir='ltr'><strong>unificautur,</strong></span> 
     </span>
     <span class='ocr_line' id='line_1_4' title="bbox 298 782 1399 873; baseline -0.005 -22"><span class='ocrx_word' id='word_1_25' title='bbox 298 788 343 852; x_wconf 88' lang='lat' dir='ltr'><strong>vel</strong></span> <span class='ocrx_word' id='word_1_26' title='bbox 359 788 437 853; x_wconf 91' lang='lat' dir='ltr'><strong>circa</strong></span> <span class='ocrx_word' id='word_1_27' title='bbox 452 789 535 873; x_wconf 91' lang='lat' dir='ltr'><strong>quod</strong></span> <span class='ocrx_word' id='word_1_28' title='bbox 550 789 737 873; x_wconf 80' lang='lat' dir='ltr'><strong>diriguntur.</strong></span> <span class='ocrx_word' id='word_1_29' title='bbox 782 788 943 852; x_wconf 84' lang='lat' dir='ltr'><strong>Unitatsm</strong></span> <span class='ocrx_word' id='word_1_30' title='bbox 957 797 1060 851; x_wconf 89' lang='lat' dir='ltr'><strong>autem</strong></span> <span class='ocrx_word' id='word_1_31' title='bbox 1075 795 1194 851; x_wconf 77' lang='lat' dir='ltr'><strong>naturae</strong></span> <span class='ocrx_word' id='word_1_32' title='bbox 1202 784 1295 849; x_wconf 91' lang='lat' dir='ltr'><strong>babet</strong></span> <span class='ocrx_word' id='word_1_33' title='bbox 1306 782 1399 847; x_wconf 89' lang='lat' dir='ltr'><strong>mole·</strong></span> 
     </span>
     <span class='ocr_line' id='line_1_5' title="bbox 298 897 1400 987; baseline -0.005 -24"><span class='ocrx_word' id='word_1_34' title='bbox 298 900 367 965; x_wconf 89' lang='lat' dir='ltr'><strong>culs</strong></span> <span class='ocrx_word' id='word_1_35' title='bbox 381 901 525 987; x_wconf 86' lang='lat' dir='ltr'><strong>quaelibet</strong></span> <span class='ocrx_word' id='word_1_36' title='bbox 539 923 594 987; x_wconf 89' lang='lat' dir='ltr'><strong>per</strong></span> <span class='ocrx_word' id='word_1_37' title='bbox 606 900 675 980; x_wconf 93' lang='lat' dir='ltr'><strong>hoc,</strong></span> <span class='ocrx_word' id='word_1_38' title='bbox 692 900 774 987; x_wconf 91' lang='lat' dir='ltr'><strong>quod</strong></span> <span class='ocrx_word' id='word_1_39' title='bbox 789 902 855 965; x_wconf 86' lang='lat' dir='ltr'><strong>eius</strong></span> <span class='ocrx_word' id='word_1_40' title='bbox 869 900 1070 986; x_wconf 76' lang='lat' dir='ltr'><strong>proprietates</strong></span> <span class='ocrx_word' id='word_1_41' title='bbox 1089 920 1153 963; x_wconf 89' lang='lat' dir='ltr'><strong>non</strong></span> <span class='ocrx_word' id='word_1_42' title='bbox 1170 897 1400 983; x_wconf 83' lang='lat' dir='ltr'><strong>proficiscantur</strong></span> 
     </span>
     <span class='ocr_line' id='line_1_6' title="bbox 298 1009 1400 1098; baseline -0.004 -23"><span class='ocrx_word' id='word_1_43' title='bbox 298 1011 460 1095; x_wconf 78' lang='lat' dir='ltr'><strong>asingulis</strong></span> <span class='ocrx_word' id='word_1_44' title='bbox 482 1012 629 1096; x_wconf 86' lang='lat' dir='ltr'><strong>partibus,</strong></span> <span class='ocrx_word' id='word_1_45' title='bbox 652 1014 736 1077; x_wconf 89' lang='lat' dir='ltr'><strong>utin</strong></span> <span class='ocrx_word' id='word_1_46' title='bbox 752 1035 784 1076; x_wconf 87' lang='lat' dir='ltr'><strong>se</strong></span> <span class='ocrx_word' id='word_1_47' title='bbox 805 1011 880 1098; x_wconf 89' lang='lat' dir='ltr'><strong>ipsis</strong></span> <span class='ocrx_word' id='word_1_48' title='bbox 902 1020 985 1090; x_wconf 91' lang='lat' dir='ltr'><strong>sunt,</strong></span> <span class='ocrx_word' id='word_1_49' title='bbox 1001 1011 1054 1075; x_wconf 88' lang='lat' dir='ltr'><strong>sed</strong></span> <span class='ocrx_word' id='word_1_50' title='bbox 1076 1021 1113 1075; x_wconf 91' lang='lat' dir='ltr'><strong>ut</strong></span> <span class='ocrx_word' id='word_1_51' title='bbox 1135 1022 1208 1075; x_wconf 89' lang='lat' dir='ltr'><strong>sunt</strong></span> <span class='ocrx_word' id='word_1_52' title='bbox 1229 1009 1400 1074; x_wconf 76' lang='lat' dir='ltr'><strong>coniunctae</strong></span> 
     </span>
     <span class='ocr_line' id='line_1_7' title="bbox 300 1119 1400 1209; baseline -0.005 -23"><span class='ocrx_word' id='word_1_53' title='bbox 300 1124 456 1187; x_wconf 88' lang='lat' dir='ltr'><strong>communi</strong></span> <span class='ocrx_word' id='word_1_54' title='bbox 470 1122 590 1189; x_wconf 86' lang='lat' dir='ltr'><strong>vinculo</strong></span> <span class='ocrx_word' id='word_1_55' title='bbox 599 1146 633 1189; x_wconf 91' lang='lat' dir='ltr'><strong>ac</strong></span> <span class='ocrx_word' id='word_1_56' title='bbox 647 1123 715 1209; x_wconf 76' lang='lat' dir='ltr'><strong>lege</strong></span> <span class='ocrx_word' id='word_1_57' title='bbox 729 1135 842 1203; x_wconf 86' lang='lat' dir='ltr'><strong>mutus,</strong></span> <span class='ocrx_word' id='word_1_58' title='bbox 855 1133 886 1188; x_wconf 92' lang='lat' dir='ltr'><strong>et</strong></span> <span class='ocrx_word' id='word_1_59' title='bbox 895 1123 953 1188; x_wconf 91' lang='lat' dir='ltr'><strong>sub</strong></span> <span class='ocrx_word' id='word_1_60' title='bbox 961 1123 1080 1188; x_wconf 84' lang='lat' dir='ltr'><strong>influxu</strong></span> <span class='ocrx_word' id='word_1_61' title='bbox 1089 1131 1197 1187; x_wconf 87' lang='lat' dir='ltr'><strong>mutuo</strong></span> <span class='ocrx_word' id='word_1_62' title='bbox 1209 1119 1400 1205; x_wconf 81' lang='lat' dir='ltr'><strong>singularum</strong></span> 
     </span>
     <span class='ocr_line' id='line_1_8' title="bbox 299 1234 1402 1322; baseline -0.005 -23"><span class='ocrx_word' id='word_1_63' title='bbox 299 1234 433 1299; x_wconf 89' lang='lat' dir='ltr'><strong>actiones</strong></span> <span class='ocrx_word' id='word_1_64' title='bbox 452 1235 692 1301; x_wconf 79' lang='lat' dir='ltr'><strong>determinante:</strong></span> <span class='ocrx_word' id='word_1_65' title='bbox 715 1235 748 1300; x_wconf 93' lang='lat' dir='ltr'><strong>id</strong></span> <span class='ocrx_word' id='word_1_66' title='bbox 762 1244 809 1301; x_wconf 92' lang='lat' dir='ltr'><strong>est</strong></span> <span class='ocrx_word' id='word_1_67' title='bbox 824 1236 1023 1322; x_wconf 76' lang='lat' dir='ltr'><strong>inquantum</strong></span> <span class='ocrx_word' id='word_1_68' title='bbox 1036 1256 1143 1300; x_wconf 86' lang='lat' dir='ltr'><strong>omnes</strong></span> <span class='ocrx_word' id='word_1_69' title='bbox 1158 1243 1259 1319; x_wconf 88' lang='lat' dir='ltr'><strong>partes</strong></span> <span class='ocrx_word' id='word_1_70' title='bbox 1273 1253 1402 1295; x_wconf 91' lang='lat' dir='ltr'><strong>concur·</strong></span> 
     </span>
     <span class='ocr_line' id='line_1_9' title="bbox 299 1342 1402 1431; baseline -0.003 -23"><span class='ocrx_word' id='word_1_71' title='bbox 299 1354 373 1409; x_wconf 89' lang='lat' dir='ltr'><strong>runt</strong></span> <span class='ocrx_word' id='word_1_72' title='bbox 388 1345 427 1410; x_wconf 91' lang='lat' dir='ltr'><strong>sd</strong></span> <span class='ocrx_word' id='word_1_73' title='bbox 442 1346 692 1416; x_wconf 71' lang='lat' dir='ltr'><strong>conuituendum</strong></span> <span class='ocrx_word' id='word_1_74' title='bbox 715 1347 841 1411; x_wconf 87' lang='lat' dir='ltr'><strong>unicum</strong></span> <span class='ocrx_word' id='word_1_75' title='bbox 864 1347 1049 1431; x_wconf 89' lang='lat' dir='ltr'><strong>principium</strong></span> <span class='ocrx_word' id='word_1_76' title='bbox 1065 1342 1402 1429; x_wconf 71' lang='lat' dir='ltr'><strong>adequatum&#39;sctionis</strong></span> 
     </span>
     <span class='ocr_line' id='line_1_10' title="bbox 300 1457 505 1542; baseline 0 -20"><span class='ocrx_word' id='word_1_77' title='bbox 300 1466 332 1522; x_wconf 87' lang='lat' dir='ltr'><strong>et</strong></span> <span class='ocrx_word' id='word_1_78' title='bbox 345 1457 505 1542; x_wconf 84' lang='lat' dir='ltr'><strong>passionis.</strong></span> 
     </span>
    </p>

    <p class='ocr_par' dir='ltr' id='par_1_3' title="bbox 299 1550 1424 1767">
     <span class='ocr_line' id='line_1_11' title="bbox 341 1550 1424 1656; baseline -0.001 -25"><span class='ocrx_word' id='word_1_79' title='bbox 341 1550 394 1635; x_wconf 82' lang='lat'><strong>87.</strong></span> <span class='ocrx_word' id='word_1_80' title='bbox 418 1567 572 1645; x_wconf 77' lang='lat' dir='ltr'><strong>Quaeritur</strong></span> <span class='ocrx_word' id='word_1_81' title='bbox 588 1569 827 1655; x_wconf 88' lang='lat' dir='ltr'><strong>decimoquarto,</strong></span> <span class='ocrx_word' id='word_1_82' title='bbox 852 1578 951 1634; x_wconf 84' lang='lat' dir='ltr'><strong>utrum</strong></span> <span class='ocrx_word' id='word_1_83' title='bbox 965 1570 1107 1634; x_wconf 74' lang='lat' dir='ltr'><strong>mokcalc</strong></span> <span class='ocrx_word' id='word_1_84' title='bbox 1121 1569 1256 1652; x_wconf 73' lang='lat' dir='ltr'><strong>quelibet</strong></span> <span class='ocrx_word' id='word_1_85' title='bbox 1275 1568 1424 1656; x_wconf 50' lang='lat' dir='ltr'><strong>alicuius,</strong></span> 
     </span>
     <span class='ocr_line' id='line_1_12' title="bbox 299 1680 1290 1767; baseline -0.005 -20"><span class='ocrx_word' id='word_1_86' title='bbox 299 1682 470 1747; x_wconf 76' lang='lat' dir='ltr'><strong>substantio</strong></span> <span class='ocrx_word' id='word_1_87' title='bbox 484 1682 631 1746; x_wconf 74' lang='lat' dir='ltr'><strong>ostwulir</strong></span> <span class='ocrx_word' id='word_1_88' title='bbox 645 1684 685 1747; x_wconf 84' lang='lat' dir='ltr'><strong>sit</strong></span> <span class='ocrx_word' id='word_1_89' title='bbox 699 1704 789 1747; x_wconf 80' lang='lat' dir='ltr'><strong>sauna</strong></span> <span class='ocrx_word' id='word_1_90' title='bbox 797 1704 855 1767; x_wconf 82' lang='lat' dir='ltr'><strong>per</strong></span> <span class='ocrx_word' id='word_1_91' title='bbox 868 1704 909 1759; x_wconf 88' lang='lat' dir='ltr'><strong>se,</strong></span> <span class='ocrx_word' id='word_1_92' title='bbox 925 1704 964 1745; x_wconf 81' lang='lat' dir='ltr'><strong>cn</strong></span> <span class='ocrx_word' id='word_1_93' title='bbox 977 1704 1067 1745; x_wconf 82' lang='lat' dir='ltr'><strong>unam</strong></span> <span class='ocrx_word' id='word_1_94' title='bbox 1075 1703 1135 1764; x_wconf 87' lang='lat' dir='ltr'><strong>per</strong></span> <span class='ocrx_word' id='word_1_95' title='bbox 1148 1680 1290 1745; x_wconf 68' lang='lat' dir='ltr'><strong>weidens.</strong></span> 
     </span>
    </p>

    <p class='ocr_par' dir='ltr' id='par_1_4' title="bbox 298 1789 1430 2886">
     <span class='ocr_line' id='line_1_13' title="bbox 345 1789 1430 1878; baseline -0.005 -23"><span class='ocrx_word' id='word_1_96' title='bbox 345 1791 538 1876; x_wconf 85' lang='lat' dir='ltr'><strong>Respondeo,</strong></span> <span class='ocrx_word' id='word_1_97' title='bbox 564 1814 663 1857; x_wconf 90' lang='lat' dir='ltr'><strong>unum</strong></span> <span class='ocrx_word' id='word_1_98' title='bbox 689 1814 743 1878; x_wconf 86' lang='lat' dir='ltr'><strong>per</strong></span> <span class='ocrx_word' id='word_1_99' title='bbox 760 1814 799 1857; x_wconf 87' lang='lat' dir='ltr'><strong>se</strong></span> <span class='ocrx_word' id='word_1_100' title='bbox 823 1792 884 1857; x_wconf 90' lang='lat' dir='ltr'><strong>dici</strong></span> <span class='ocrx_word' id='word_1_101' title='bbox 906 1792 949 1871; x_wconf 91' lang='lat' dir='ltr'><strong>id,</strong></span> <span class='ocrx_word' id='word_1_102' title='bbox 973 1792 1056 1877; x_wconf 90' lang='lat' dir='ltr'><strong>quod</strong></span> <span class='ocrx_word' id='word_1_103' title='bbox 1078 1792 1112 1856; x_wconf 90' lang='lat' dir='ltr'><strong>in</strong></span> <span class='ocrx_word' id='word_1_104' title='bbox 1132 1814 1164 1856; x_wconf 90' lang='lat' dir='ltr'><strong>se</strong></span> <span class='ocrx_word' id='word_1_105' title='bbox 1182 1792 1249 1875; x_wconf 94' lang='lat' dir='ltr'><strong>ipso</strong></span> <span class='ocrx_word' id='word_1_106' title='bbox 1266 1789 1403 1854; x_wconf 88' lang='lat' dir='ltr'><strong>continet</strong></span> <span class='ocrx_word' id='word_1_107' title='bbox 1425 1842 1430 1869; x_wconf 23' lang='grc' dir='ltr'><strong>Ι.</strong></span> 
     </span>
     <span class='ocr_line' id='line_1_14' title="bbox 299 1901 1404 1989; baseline -0.003 -22"><span class='ocrx_word' id='word_1_108' title='bbox 299 1904 448 1967; x_wconf 90' lang='lat' dir='ltr'><strong>rationem</strong></span> <span class='ocrx_word' id='word_1_109' title='bbox 465 1926 529 1968; x_wconf 84' lang='lat' dir='ltr'><strong>snae</strong></span> <span class='ocrx_word' id='word_1_110' title='bbox 542 1904 681 1969; x_wconf 87' lang='lat' dir='ltr'><strong>unitatis.</strong></span> <span class='ocrx_word' id='word_1_111' title='bbox 728 1903 873 1989; x_wconf 85' lang='lat' dir='ltr'><strong>Ideoque,</strong></span> <span class='ocrx_word' id='word_1_112' title='bbox 889 1905 915 1968; x_wconf 89' lang='lat' dir='ltr'><strong>si</strong></span> <span class='ocrx_word' id='word_1_113' title='bbox 929 1927 984 1967; x_wconf 90' lang='lat' dir='ltr'><strong>ens</strong></span> <span class='ocrx_word' id='word_1_114' title='bbox 998 1903 1123 1989; x_wconf 88' lang='lat' dir='ltr'><strong>aliquod</strong></span> <span class='ocrx_word' id='word_1_115' title='bbox 1137 1903 1178 1967; x_wconf 90' lang='lat' dir='ltr'><strong>sit</strong></span> <span class='ocrx_word' id='word_1_116' title='bbox 1192 1901 1330 1987; x_wconf 79' lang='lat' dir='ltr'><strong>simplex,</strong></span> <span class='ocrx_word' id='word_1_117' title='bbox 1345 1901 1404 1965; x_wconf 87' lang='lat' dir='ltr'><strong>erit</strong></span> 
     </span>
     <span class='ocr_line' id='line_1_15' title="bbox 300 2013 1402 2101; baseline -0.002 -22"><span class='ocrx_word' id='word_1_118' title='bbox 300 2015 504 2081; x_wconf 80' lang='lat' dir='ltr'><strong>essentialiter</strong></span> <span class='ocrx_word' id='word_1_119' title='bbox 525 2038 634 2094; x_wconf 87' lang='lat' dir='ltr'><strong>unum,</strong></span> <span class='ocrx_word' id='word_1_120' title='bbox 650 2038 746 2101; x_wconf 88' lang='lat' dir='ltr'><strong>quum</strong></span> <span class='ocrx_word' id='word_1_121' title='bbox 770 2038 833 2079; x_wconf 88' lang='lat' dir='ltr'><strong>non</strong></span> <span class='ocrx_word' id='word_1_122' title='bbox 848 2016 969 2095; x_wconf 90' lang='lat' dir='ltr'><strong>habeat,</strong></span> <span class='ocrx_word' id='word_1_123' title='bbox 991 2015 1052 2079; x_wconf 86' lang='lat' dir='ltr'><strong>nisi</strong></span> <span class='ocrx_word' id='word_1_124' title='bbox 1071 2015 1198 2079; x_wconf 91' lang='lat' dir='ltr'><strong>unicum</strong></span> <span class='ocrx_word' id='word_1_125' title='bbox 1212 2024 1316 2079; x_wconf 87' lang='lat' dir='ltr'><strong>actum</strong></span> <span class='ocrx_word' id='word_1_126' title='bbox 1330 2013 1402 2077; x_wconf 86' lang='lat' dir='ltr'><strong>sub-</strong></span> 
     </span>
     <span class='ocr_line' id='line_1_16' title="bbox 300 2126 1401 2212; baseline -0.003 -21"><span class='ocrx_word' id='word_1_127' title='bbox 300 2127 472 2193; x_wconf 88' lang='lat' dir='ltr'><strong>stantialem</strong></span> <span class='ocrx_word' id='word_1_128' title='bbox 485 2140 517 2192; x_wconf 87' lang='lat' dir='ltr'><strong>et</strong></span> <span class='ocrx_word' id='word_1_129' title='bbox 532 2128 738 2193; x_wconf 86' lang='lat' dir='ltr'><strong>entitativum.</strong></span> <span class='ocrx_word' id='word_1_130' title='bbox 784 2128 818 2191; x_wconf 84' lang='lat' dir='ltr'><strong>Si</strong></span> <span class='ocrx_word' id='word_1_131' title='bbox 839 2150 909 2192; x_wconf 88' lang='lat' dir='ltr'><strong>vero</strong></span> <span class='ocrx_word' id='word_1_132' title='bbox 924 2126 1049 2212; x_wconf 88' lang='lat' dir='ltr'><strong>aliquod</strong></span> <span class='ocrx_word' id='word_1_133' title='bbox 1063 2150 1118 2191; x_wconf 90' lang='lat' dir='ltr'><strong>ens</strong></span> <span class='ocrx_word' id='word_1_134' title='bbox 1133 2127 1173 2189; x_wconf 91' lang='lat' dir='ltr'><strong>sit</strong></span> <span class='ocrx_word' id='word_1_135' title='bbox 1188 2126 1401 2210; x_wconf 85' lang='lat' dir='ltr'><strong>compositum,</strong></span> 
     </span>
     <span class='ocr_line' id='line_1_17' title="bbox 299 2238 1402 2325; baseline -0.004 -20"><span class='ocrx_word' id='word_1_136' title='bbox 299 2247 374 2305; x_wconf 84' lang='lat' dir='ltr'><strong>tunc</strong></span> <span class='ocrx_word' id='word_1_137' title='bbox 388 2240 466 2304; x_wconf 90' lang='lat' dir='ltr'><strong>illud</strong></span> <span class='ocrx_word' id='word_1_138' title='bbox 481 2241 538 2304; x_wconf 89' lang='lat' dir='ltr'><strong>erit</strong></span> <span class='ocrx_word' id='word_1_139' title='bbox 558 2263 655 2304; x_wconf 88' lang='lat' dir='ltr'><strong>unum</strong></span> <span class='ocrx_word' id='word_1_140' title='bbox 677 2262 733 2325; x_wconf 85' lang='lat' dir='ltr'><strong>per</strong></span> <span class='ocrx_word' id='word_1_141' title='bbox 749 2263 790 2319; x_wconf 91' lang='lat' dir='ltr'><strong>se,</strong></span> <span class='ocrx_word' id='word_1_142' title='bbox 808 2240 834 2318; x_wconf 83' lang='lat' dir='ltr'><strong>si</strong></span> <span class='ocrx_word' id='word_1_143' title='bbox 856 2240 923 2304; x_wconf 91' lang='lat' dir='ltr'><strong>eius</strong></span> <span class='ocrx_word' id='word_1_144' title='bbox 938 2246 1041 2324; x_wconf 88' lang='lat' dir='ltr'><strong>partes</strong></span> <span class='ocrx_word' id='word_1_145' title='bbox 1064 2241 1127 2303; x_wconf 90' lang='lat' dir='ltr'><strong>sint</strong></span> <span class='ocrx_word' id='word_1_146' title='bbox 1145 2238 1295 2324; x_wconf 88' lang='lat' dir='ltr'><strong>principia</strong></span> <span class='ocrx_word' id='word_1_147' title='bbox 1308 2238 1402 2301; x_wconf 90' lang='lat' dir='ltr'><strong>unius</strong></span> 
     </span>
     <span class='ocr_line' id='line_1_18' title="bbox 302 2352 1404 2436; baseline -0.001 -21"><span class='ocrx_word' id='word_1_148' title='bbox 302 2352 449 2432; x_wconf 86' lang='lat' dir='ltr'><strong>essentiae,</strong></span> <span class='ocrx_word' id='word_1_149' title='bbox 465 2360 520 2417; x_wconf 89' lang='lat' dir='ltr'><strong>aut</strong></span> <span class='ocrx_word' id='word_1_150' title='bbox 533 2360 660 2431; x_wconf 74' lang='lat' dir='ltr'><strong>naturae,</strong></span> <span class='ocrx_word' id='word_1_151' title='bbox 675 2360 711 2415; x_wconf 94' lang='lat' dir='ltr'><strong>ut</strong></span> <span class='ocrx_word' id='word_1_152' title='bbox 726 2352 837 2417; x_wconf 89' lang='lat' dir='ltr'><strong>accidit</strong></span> <span class='ocrx_word' id='word_1_153' title='bbox 851 2352 884 2416; x_wconf 91' lang='lat' dir='ltr'><strong>in</strong></span> <span class='ocrx_word' id='word_1_154' title='bbox 898 2352 1034 2430; x_wconf 90' lang='lat' dir='ltr'><strong>bomine,</strong></span> <span class='ocrx_word' id='word_1_155' title='bbox 1050 2352 1104 2436; x_wconf 92' lang='lat' dir='ltr'><strong>qui</strong></span> <span class='ocrx_word' id='word_1_156' title='bbox 1118 2359 1165 2415; x_wconf 87' lang='lat' dir='ltr'><strong>est</strong></span> <span class='ocrx_word' id='word_1_157' title='bbox 1179 2373 1278 2415; x_wconf 89' lang='lat' dir='ltr'><strong>unum</strong></span> <span class='ocrx_word' id='word_1_158' title='bbox 1291 2373 1347 2435; x_wconf 88' lang='lat' dir='ltr'><strong>per</strong></span> <span class='ocrx_word' id='word_1_159' title='bbox 1361 2372 1404 2428; x_wconf 86' lang='lat' dir='ltr'><strong>se,</strong></span> 
     </span>
     <span class='ocr_line' id='line_1_19' title="bbox 298 2462 1403 2549; baseline -0.001 -21"><span class='ocrx_word' id='word_1_160' title='bbox 298 2464 370 2529; x_wconf 91' lang='lat' dir='ltr'><strong>licet</strong></span> <span class='ocrx_word' id='word_1_161' title='bbox 395 2486 520 2549; x_wconf 86' lang='lat' dir='ltr'><strong>corpore</strong></span> <span class='ocrx_word' id='word_1_162' title='bbox 542 2474 574 2529; x_wconf 92' lang='lat' dir='ltr'><strong>et</strong></span> <span class='ocrx_word' id='word_1_163' title='bbox 603 2466 705 2529; x_wconf 89' lang='lat' dir='ltr'><strong>anima</strong></span> <span class='ocrx_word' id='word_1_164' title='bbox 728 2466 855 2529; x_wconf 91' lang='lat' dir='ltr'><strong>omnino</strong></span> <span class='ocrx_word' id='word_1_165' title='bbox 878 2465 1032 2529; x_wconf 88' lang='lat' dir='ltr'><strong>distinctis</strong></span> <span class='ocrx_word' id='word_1_166' title='bbox 1057 2464 1159 2549; x_wconf 89' lang='lat' dir='ltr'><strong>quoad</strong></span> <span class='ocrx_word' id='word_1_167' title='bbox 1188 2462 1403 2541; x_wconf 86' lang='lat' dir='ltr'><strong>substantiam,</strong></span> 
     </span>
     <span class='ocr_line' id='line_1_20' title="bbox 299 2557 1403 2663; baseline -0.003 -22"><span class='ocrx_word' id='word_1_168' title='bbox 299 2585 508 2663; x_wconf 87' lang='lat' dir='ltr'><strong>componatur.</strong></span> <span class='ocrx_word' id='word_1_169' title='bbox 556 2577 589 2641; x_wconf 81' lang='lat' dir='ltr'><strong>si</strong></span> <span class='ocrx_word' id='word_1_170' title='bbox 604 2598 675 2641; x_wconf 88' lang='lat' dir='ltr'><strong>vero</strong></span> <span class='ocrx_word' id='word_1_171' title='bbox 689 2586 791 2661; x_wconf 84' lang='lat' dir='ltr'><strong>partes</strong></span> <span class='ocrx_word' id='word_1_172' title='bbox 808 2576 874 2641; x_wconf 84' lang='lat' dir='ltr'><strong>aliae</strong></span> <span class='ocrx_word' id='word_1_173' title='bbox 892 2576 1108 2661; x_wconf 85' lang='lat' dir='ltr'><strong>superveniant</strong></span> <span class='ocrx_word' id='word_1_174' title='bbox 1129 2557 1269 2639; x_wconf 86' lang='lat' dir='ltr'><strong>esseutiae</strong></span> <span class='ocrx_word' id='word_1_175' title='bbox 1290 2574 1403 2639; x_wconf 91' lang='lat' dir='ltr'><strong>consti-</strong></span> 
     </span>
     <span class='ocr_line' id='line_1_21' title="bbox 300 2687 1403 2772; baseline -0.002 -19"><span class='ocrx_word' id='word_1_176' title='bbox 300 2695 385 2768; x_wconf 85' lang='lat' dir='ltr'><strong>tutae,</strong></span> <span class='ocrx_word' id='word_1_177' title='bbox 401 2689 475 2753; x_wconf 90' lang='lat' dir='ltr'><strong>unio</strong></span> <span class='ocrx_word' id='word_1_178' title='bbox 490 2687 611 2753; x_wconf 90' lang='lat' dir='ltr'><strong>illarum</strong></span> <span class='ocrx_word' id='word_1_179' title='bbox 636 2710 705 2753; x_wconf 89' lang='lat' dir='ltr'><strong>cum</strong></span> <span class='ocrx_word' id='word_1_180' title='bbox 723 2688 831 2772; x_wconf 89' lang='lat' dir='ltr'><strong>primis</strong></span> <span class='ocrx_word' id='word_1_181' title='bbox 845 2689 903 2752; x_wconf 89' lang='lat' dir='ltr'><strong>erit</strong></span> <span class='ocrx_word' id='word_1_182' title='bbox 918 2688 1120 2765; x_wconf 86' lang='lat' dir='ltr'><strong>accidentalis,</strong></span> <span class='ocrx_word' id='word_1_183' title='bbox 1135 2698 1167 2751; x_wconf 92' lang='lat' dir='ltr'><strong>et</strong></span> <span class='ocrx_word' id='word_1_184' title='bbox 1181 2688 1224 2751; x_wconf 86' lang='lat' dir='ltr'><strong>si&#39;c</strong></span> <span class='ocrx_word' id='word_1_185' title='bbox 1238 2688 1403 2751; x_wconf 70' lang='lat' dir='ltr'><strong>fiet&#39;unum</strong></span> 
     </span>
     <span class='ocr_line' id='line_1_22' title="bbox 301 2796 1242 2886; baseline -0.002 -21"><span class='ocrx_word' id='word_1_186' title='bbox 301 2800 356 2886; x_wconf 88' lang='lat' dir='ltr'><strong>per</strong></span> <span class='ocrx_word' id='word_1_187' title='bbox 370 2801 519 2866; x_wconf 89' lang='lat' dir='ltr'><strong>accidens.</strong></span> <span class='ocrx_word' id='word_1_188' title='bbox 596 2870 598 2875; x_wconf 15' lang='lat' dir='ltr'><em>A</em></span> <span class='ocrx_word' id='word_1_189' title='bbox 1240 2796 1242 2803; x_wconf 75' lang='grc'><strong>’</strong></span> 
     </span>
    </p>
   </div>
   <div class='ocr_carea' id='block_1_3' title="bbox 299 2897 1406 3557">
    <p class='ocr_par' dir='ltr' id='par_1_5' title="bbox 299 2897 1406 3557">
     <span class='ocr_line' id='line_1_23' title="bbox 343 2897 1405 2997; baseline -0.001 -22"><span class='ocrx_word' id='word_1_190' title='bbox 343 2912 389 2975; x_wconf 78' lang='lat' dir='ltr'><strong>Ex</strong></span> <span class='ocrx_word' id='word_1_191' title='bbox 403 2897 609 2996; x_wconf 53' lang='lat' dir='ltr'><strong>bis&#39;apparet,</strong></span> <span class='ocrx_word' id='word_1_192' title='bbox 633 2934 732 2975; x_wconf 90' lang='lat' dir='ltr'><strong>unum</strong></span> <span class='ocrx_word' id='word_1_193' title='bbox 755 2934 810 2996; x_wconf 93' lang='lat' dir='ltr'><strong>per</strong></span> <span class='ocrx_word' id='word_1_194' title='bbox 830 2934 862 2975; x_wconf 84' lang='lat' dir='ltr'><strong>se</strong></span> <span class='ocrx_word' id='word_1_195' title='bbox 885 2911 945 2975; x_wconf 88' lang='lat' dir='ltr'><strong>dici</strong></span> <span class='ocrx_word' id='word_1_196' title='bbox 968 2912 1145 2997; x_wconf 80' lang='lat' dir='ltr'><strong>dupliciter:</strong></span> <span class='ocrx_word' id='word_1_197' title='bbox 1168 2934 1231 2976; x_wconf 88' lang='lat' dir='ltr'><strong>uno</strong></span> <span class='ocrx_word' id='word_1_198' title='bbox 1253 2911 1344 2975; x_wconf 91' lang='lat' dir='ltr'><strong>modo</strong></span> <span class='ocrx_word' id='word_1_199' title='bbox 1366 2910 1405 2975; x_wconf 91' lang='lat' dir='ltr'><strong>de</strong></span> 
     </span>
     <span class='ocr_line' id='line_1_24' title="bbox 301 3022 1405 3108; baseline 0 -21"><span class='ocrx_word' id='word_1_200' title='bbox 301 3022 450 3107; x_wconf 88' lang='lat' dir='ltr'><strong>simplici:</strong></span> <span class='ocrx_word' id='word_1_201' title='bbox 471 3032 507 3086; x_wconf 89' lang='lat' dir='ltr'><strong>ut</strong></span> <span class='ocrx_word' id='word_1_202' title='bbox 522 3023 561 3086; x_wconf 91' lang='lat' dir='ltr'><strong>de</strong></span> <span class='ocrx_word' id='word_1_203' title='bbox 575 3023 747 3103; x_wconf 74' lang='lat' dir='ltr'><strong>elemento,</strong></span> <span class='ocrx_word' id='word_1_204' title='bbox 770 3034 801 3087; x_wconf 89' lang='lat' dir='ltr'><strong>et</strong></span> <span class='ocrx_word' id='word_1_205' title='bbox 818 3024 861 3088; x_wconf 91' lang='lat' dir='ltr'><strong>sic</strong></span> <span class='ocrx_word' id='word_1_206' title='bbox 875 3046 972 3087; x_wconf 89' lang='lat' dir='ltr'><strong>unum</strong></span> <span class='ocrx_word' id='word_1_207' title='bbox 988 3046 1043 3108; x_wconf 87' lang='lat' dir='ltr'><strong>per</strong></span> <span class='ocrx_word' id='word_1_208' title='bbox 1058 3047 1090 3088; x_wconf 91' lang='lat' dir='ltr'><strong>se</strong></span> <span class='ocrx_word' id='word_1_209' title='bbox 1104 3033 1151 3088; x_wconf 89' lang='lat' dir='ltr'><strong>est</strong></span> <span class='ocrx_word' id='word_1_210' title='bbox 1161 3046 1260 3088; x_wconf 89' lang='lat' dir='ltr'><strong>unum</strong></span> <span class='ocrx_word' id='word_1_211' title='bbox 1268 3024 1405 3088; x_wconf 62' lang='lat' dir='ltr'><strong>substan</strong></span> 
     </span>
     <span class='ocr_line' id='line_1_25' title="bbox 301 3135 1405 3221; baseline 0 -22"><span class='ocrx_word' id='word_1_212' title='bbox 301 3136 391 3200; x_wconf 77' lang='lat' dir='ltr'><strong>tiolo:</strong></span> <span class='ocrx_word' id='word_1_213' title='bbox 415 3135 474 3200; x_wconf 84' lang='lat' dir='ltr'><strong>alio</strong></span> <span class='ocrx_word' id='word_1_214' title='bbox 490 3136 581 3200; x_wconf 91' lang='lat' dir='ltr'><strong>modo</strong></span> <span class='ocrx_word' id='word_1_215' title='bbox 596 3136 635 3201; x_wconf 85' lang='lat' dir='ltr'><strong>de</strong></span> <span class='ocrx_word' id='word_1_216' title='bbox 649 3136 838 3221; x_wconf 69' lang='lat' dir='ltr'><strong>composito,</strong></span> <span class='ocrx_word' id='word_1_217' title='bbox 858 3136 947 3200; x_wconf 89' lang='lat' dir='ltr'><strong>etsie</strong></span> <span class='ocrx_word' id='word_1_218' title='bbox 962 3158 1060 3200; x_wconf 91' lang='lat' dir='ltr'><strong>uuum</strong></span> <span class='ocrx_word' id='word_1_219' title='bbox 1071 3158 1125 3221; x_wconf 88' lang='lat' dir='ltr'><strong>per</strong></span> <span class='ocrx_word' id='word_1_220' title='bbox 1136 3158 1168 3199; x_wconf 92' lang='lat' dir='ltr'><strong>se</strong></span> <span class='ocrx_word' id='word_1_221' title='bbox 1177 3158 1240 3200; x_wconf 93' lang='lat' dir='ltr'><strong>non</strong></span> <span class='ocrx_word' id='word_1_222' title='bbox 1251 3144 1296 3200; x_wconf 86' lang='lat' dir='ltr'><strong>est</strong></span> <span class='ocrx_word' id='word_1_223' title='bbox 1306 3158 1405 3200; x_wconf 91' lang='lat' dir='ltr'><strong>unum</strong></span> 
     </span>
     <span class='ocr_line' id='line_1_26' title="bbox 301 3245 1406 3341; baseline 0 -30"><span class='ocrx_word' id='word_1_224' title='bbox 301 3245 500 3311; x_wconf 77' lang='lat' dir='ltr'><strong>substantiale</strong></span> <span class='ocrx_word' id='word_1_225' title='bbox 517 3249 625 3332; x_wconf 86' lang='lat' dir='ltr'><strong>(quum</strong></span> <span class='ocrx_word' id='word_1_226' title='bbox 641 3248 673 3311; x_wconf 91' lang='lat' dir='ltr'><strong>in</strong></span> <span class='ocrx_word' id='word_1_227' title='bbox 689 3248 861 3331; x_wconf 87' lang='lat' dir='ltr'><strong>composito</strong></span> <span class='ocrx_word' id='word_1_228' title='bbox 872 3248 1066 3312; x_wconf 87' lang='lat' dir='ltr'><strong>substantiali</strong></span> <span class='ocrx_word' id='word_1_229' title='bbox 1081 3247 1406 3341; x_wconf 86' lang='lat' dir='ltr'><strong>sintpluressubstan·</strong></span> 
     </span>
     <span class='ocr_line' id='line_1_27' title="bbox 301 3357 1406 3444; baseline 0.003 -22"><span class='ocrx_word' id='word_1_230' title='bbox 301 3359 364 3441; x_wconf 83' lang='lat' dir='ltr'><strong>tiae)</strong></span> <span class='ocrx_word' id='word_1_231' title='bbox 383 3357 435 3423; x_wconf 88' lang='lat' dir='ltr'><strong>sed</strong></span> <span class='ocrx_word' id='word_1_232' title='bbox 450 3373 496 3423; x_wconf 87' lang='lat' dir='ltr'><strong>est</strong></span> <span class='ocrx_word' id='word_1_233' title='bbox 511 3381 610 3424; x_wconf 88' lang='lat' dir='ltr'><strong>unum</strong></span> <span class='ocrx_word' id='word_1_234' title='bbox 624 3382 679 3444; x_wconf 87' lang='lat' dir='ltr'><strong>per</strong></span> <span class='ocrx_word' id='word_1_235' title='bbox 695 3382 726 3424; x_wconf 88' lang='lat' dir='ltr'><strong>se</strong></span> <span class='ocrx_word' id='word_1_236' title='bbox 741 3361 889 3441; x_wconf 72' lang='lat' dir='ltr'><strong>calicula,</strong></span> <span class='ocrx_word' id='word_1_237' title='bbox 904 3360 956 3424; x_wconf 90' lang='lat' dir='ltr'><strong>vel</strong></span> <span class='ocrx_word' id='word_1_238' title='bbox 966 3360 1117 3425; x_wconf 80' lang='lat' dir='ltr'><strong>essentiale</strong></span> <span class='ocrx_word' id='word_1_239' title='bbox 1131 3360 1319 3425; x_wconf 84' lang='lat' dir='ltr'><strong>tulinaturae.</strong></span> <span class='ocrx_word' id='word_1_240' title='bbox 1364 3361 1406 3426; x_wconf 75' lang='lat' dir='ltr'><strong>Et</strong></span> 
     </span>
     <span class='ocr_line' id='line_1_28' title="bbox 299 3470 1406 3557; baseline 0.004 -24"><span class='ocrx_word' id='word_1_241' title='bbox 299 3470 364 3534; x_wconf 84' lang='lat' dir='ltr'><strong>baec</strong></span> <span class='ocrx_word' id='word_1_242' title='bbox 380 3470 534 3535; x_wconf 89' lang='lat' dir='ltr'><strong>distinctio</strong></span> <span class='ocrx_word' id='word_1_243' title='bbox 550 3480 596 3535; x_wconf 88' lang='lat' dir='ltr'><strong>est</strong></span> <span class='ocrx_word' id='word_1_244' title='bbox 611 3470 698 3535; x_wconf 88' lang='lat' dir='ltr'><strong>valde</strong></span> <span class='ocrx_word' id='word_1_245' title='bbox 715 3472 885 3536; x_wconf 86' lang='lat' dir='ltr'><strong>necessaria</strong></span> <span class='ocrx_word' id='word_1_246' title='bbox 908 3472 948 3536; x_wconf 88' lang='lat' dir='ltr'><strong>ad</strong></span> <span class='ocrx_word' id='word_1_247' title='bbox 965 3471 1115 3536; x_wconf 88' lang='lat' dir='ltr'><strong>tollendas</strong></span> <span class='ocrx_word' id='word_1_248' title='bbox 1132 3472 1406 3557; x_wconf 80' lang='lat' dir='ltr'><strong>aequivocationum</strong></span> 
     </span>
    </p>
   </div>
   <div class='ocr_carea' id='block_1_4' title="bbox 288 3606 1408 4465">
    <p class='ocr_par' dir='ltr' id='par_1_6' title="bbox 302 3606 418 3649">
     <span class='ocr_line' id='line_1_29' title="bbox 302 3606 418 3649; baseline 0 -2"><span class='ocrx_word' id='word_1_249' title='bbox 302 3606 418 3649; x_wconf 84' lang='lat' dir='ltr'><strong>causas.</strong></span> 
     </span>
    </p>

    <p class='ocr_par' dir='ltr' id='par_1_7' title="bbox 288 3696 1408 4465">
     <span class='ocr_line' id='line_1_30' title="bbox 348 3696 1406 3779; baseline 0.001 -20"><span class='ocrx_word' id='word_1_250' title='bbox 348 3696 428 3760; x_wconf 86' lang='lat' dir='ltr'><strong>Dies</strong></span> <span class='ocrx_word' id='word_1_251' title='bbox 444 3717 527 3779; x_wconf 87' lang='lat' dir='ltr'><strong>ergo,</strong></span> <span class='ocrx_word' id='word_1_252' title='bbox 540 3696 719 3760; x_wconf 85' lang='lat' dir='ltr'><strong>moleculam</strong></span> <span class='ocrx_word' id='word_1_253' title='bbox 736 3697 864 3761; x_wconf 88' lang='lat' dir='ltr'><strong>alicuius</strong></span> <span class='ocrx_word' id='word_1_254' title='bbox 880 3696 1061 3767; x_wconf 79' lang='lat' dir='ltr'><strong>substantiae</strong></span> <span class='ocrx_word' id='word_1_255' title='bbox 1072 3697 1218 3761; x_wconf 89' lang='lat' dir='ltr'><strong>naturalis</strong></span> <span class='ocrx_word' id='word_1_256' title='bbox 1232 3719 1297 3761; x_wconf 87' lang='lat' dir='ltr'><strong>esse</strong></span> <span class='ocrx_word' id='word_1_257' title='bbox 1307 3720 1406 3761; x_wconf 90' lang='lat' dir='ltr'><strong>unum</strong></span> 
     </span>
     <span class='ocr_line' id='line_1_31' title="bbox 288 3794 1407 3894; baseline 0 -21"><span class='ocrx_word' id='word_1_258' title='bbox 288 3812 357 3894; x_wconf 81' lang='lat' dir='ltr'><strong>&#39;per</strong></span> <span class='ocrx_word' id='word_1_259' title='bbox 372 3830 404 3871; x_wconf 89' lang='lat' dir='ltr'><strong>se</strong></span> <span class='ocrx_word' id='word_1_260' title='bbox 419 3807 553 3872; x_wconf 85' lang='lat' dir='ltr'><strong>seeundo</strong></span> <span class='ocrx_word' id='word_1_261' title='bbox 568 3808 669 3888; x_wconf 88' lang='lat' dir='ltr'><strong>modo,</strong></span> <span class='ocrx_word' id='word_1_262' title='bbox 685 3794 748 3872; x_wconf 88' lang='lat' dir='ltr'><strong>non</strong></span> <span class='ocrx_word' id='word_1_263' title='bbox 763 3809 873 3894; x_wconf 87' lang='lat' dir='ltr'><strong>primo.</strong></span> <span class='ocrx_word' id='word_1_264' title='bbox 917 3809 1050 3874; x_wconf 79' lang='lat' dir='ltr'><strong>Evidens</strong></span> <span class='ocrx_word' id='word_1_265' title='bbox 1061 3810 1144 3873; x_wconf 91' lang='lat' dir='ltr'><strong>enim</strong></span> <span class='ocrx_word' id='word_1_266' title='bbox 1158 3818 1214 3887; x_wconf 90' lang='lat' dir='ltr'><strong>est,</strong></span> <span class='ocrx_word' id='word_1_267' title='bbox 1226 3808 1407 3875; x_wconf 88' lang='lat' dir='ltr'><strong>moleculam</strong></span> 
     </span>
     <span class='ocr_line' id='line_1_32' title="bbox 302 3919 1408 4006; baseline 0.001 -22"><span class='ocrx_word' id='word_1_268' title='bbox 302 3920 501 4003; x_wconf 86' lang='lat' dir='ltr'><strong>compositam</strong></span> <span class='ocrx_word' id='word_1_269' title='bbox 527 3919 728 4004; x_wconf 79' lang='lat' dir='ltr'><strong>expluribus</strong></span> <span class='ocrx_word' id='word_1_270' title='bbox 752 3920 912 3985; x_wconf 86' lang='lat' dir='ltr'><strong>elementis</strong></span> <span class='ocrx_word' id='word_1_271' title='bbox 941 3930 1078 3987; x_wconf 82' lang='lat' dir='ltr'><strong>constare</strong></span> <span class='ocrx_word' id='word_1_272' title='bbox 1101 3942 1138 3985; x_wconf 84' lang='lat' dir='ltr'><strong>ex</strong></span> <span class='ocrx_word' id='word_1_273' title='bbox 1166 3922 1306 4006; x_wconf 90' lang='lat' dir='ltr'><strong>pluribus</strong></span> <span class='ocrx_word' id='word_1_274' title='bbox 1333 3922 1408 3986; x_wconf 89' lang='lat' dir='ltr'><strong>sub-</strong></span> 
     </span>
     <span class='ocr_line' id='line_1_33' title="bbox 303 4026 1408 4119; baseline 0.008 -25"><span class='ocrx_word' id='word_1_275' title='bbox 303 4030 434 4110; x_wconf 80' lang='lat' dir='ltr'><strong>stantiii,</strong></span> <span class='ocrx_word' id='word_1_276' title='bbox 450 4041 480 4095; x_wconf 89' lang='lat' dir='ltr'><strong>et</strong></span> <span class='ocrx_word' id='word_1_277' title='bbox 496 4032 538 4096; x_wconf 88' lang='lat' dir='ltr'><strong>sic</strong></span> <span class='ocrx_word' id='word_1_278' title='bbox 554 4054 615 4095; x_wconf 92' lang='lat' dir='ltr'><strong>non</strong></span> <span class='ocrx_word' id='word_1_279' title='bbox 631 4055 696 4097; x_wconf 87' lang='lat' dir='ltr'><strong>esse</strong></span> <span class='ocrx_word' id='word_1_280' title='bbox 711 4054 810 4097; x_wconf 89' lang='lat' dir='ltr'><strong>unum</strong></span> <span class='ocrx_word' id='word_1_281' title='bbox 826 4032 1027 4100; x_wconf 80' lang='lat' dir='ltr'><strong>substantiale</strong></span> <span class='ocrx_word' id='word_1_282' title='bbox 1042 4027 1146 4098; x_wconf 87' lang='lat' dir='ltr'><strong>stricte</strong></span> <span class='ocrx_word' id='word_1_283' title='bbox 1160 4044 1330 4119; x_wconf 87' lang='lat' dir='ltr'><strong>sumptum,</strong></span> <span class='ocrx_word' id='word_1_284' title='bbox 1353 4026 1408 4103; x_wconf 81' lang='lat' dir='ltr'><strong>sed</strong></span> 
     </span>
     <span class='ocr_line' id='line_1_34' title="bbox 302 4142 1407 4226; baseline 0.003 -20"><span class='ocrx_word' id='word_1_285' title='bbox 302 4142 392 4226; x_wconf 88' lang='lat' dir='ltr'><strong>plura</strong></span> <span class='ocrx_word' id='word_1_286' title='bbox 412 4142 626 4208; x_wconf 90' lang='lat' dir='ltr'><strong>substantialia</strong></span> <span class='ocrx_word' id='word_1_287' title='bbox 646 4166 701 4209; x_wconf 88' lang='lat' dir='ltr'><strong>seu</strong></span> <span class='ocrx_word' id='word_1_288' title='bbox 722 4146 756 4208; x_wconf 87' lang='lat' dir='ltr'><strong>in</strong></span> <span class='ocrx_word' id='word_1_289' title='bbox 778 4167 811 4208; x_wconf 85' lang='lat' dir='ltr'><strong>se</strong></span> <span class='ocrx_word' id='word_1_290' title='bbox 832 4144 1039 4210; x_wconf 89' lang='lat' dir='ltr'><strong>subsistentia.</strong></span> <span class='ocrx_word' id='word_1_291' title='bbox 1084 4144 1147 4210; x_wconf 87' lang='lat' dir='ltr'><strong>Sed</strong></span> <span class='ocrx_word' id='word_1_292' title='bbox 1167 4144 1317 4210; x_wconf 89' lang='lat' dir='ltr'><strong>molecula</strong></span> <span class='ocrx_word' id='word_1_293' title='bbox 1335 4144 1407 4209; x_wconf 92' lang='lat' dir='ltr'><strong>sub·</strong></span> 
     </span>
     <span class='ocr_line' id='line_1_35' title="bbox 304 4255 1407 4342; baseline 0.004 -25"><span class='ocrx_word' id='word_1_294' title='bbox 304 4255 424 4318; x_wconf 86' lang='lat' dir='ltr'><strong>stantiae</strong></span> <span class='ocrx_word' id='word_1_295' title='bbox 438 4255 587 4320; x_wconf 89' lang='lat' dir='ltr'><strong>naturalis</strong></span> <span class='ocrx_word' id='word_1_296' title='bbox 602 4264 648 4321; x_wconf 88' lang='lat' dir='ltr'><strong>est</strong></span> <span class='ocrx_word' id='word_1_297' title='bbox 664 4278 761 4321; x_wconf 89' lang='lat' dir='ltr'><strong>unum</strong></span> <span class='ocrx_word' id='word_1_298' title='bbox 776 4280 831 4341; x_wconf 88' lang='lat' dir='ltr'><strong>per</strong></span> <span class='ocrx_word' id='word_1_299' title='bbox 852 4280 884 4321; x_wconf 91' lang='lat' dir='ltr'><strong>se</strong></span> <span class='ocrx_word' id='word_1_300' title='bbox 897 4256 1048 4335; x_wconf 88' lang='lat' dir='ltr'><strong>naturale,</strong></span> <span class='ocrx_word' id='word_1_301' title='bbox 1063 4257 1137 4342; x_wconf 91' lang='lat' dir='ltr'><strong>quia</strong></span> <span class='ocrx_word' id='word_1_302' title='bbox 1155 4265 1267 4321; x_wconf 83' lang='lat' dir='ltr'><strong>natura</strong></span> <span class='ocrx_word' id='word_1_303' title='bbox 1285 4257 1338 4322; x_wconf 86' lang='lat' dir='ltr'><strong>illa</strong></span> <span class='ocrx_word' id='word_1_304' title='bbox 1359 4258 1407 4321; x_wconf 91' lang='lat' dir='ltr'><strong>iu-</strong></span> 
     </span>
     <span class='ocr_line' id='line_1_36' title="bbox 301 4365 1404 4465; baseline 0.002 -34"><span class='ocrx_word' id='word_1_305' title='bbox 301 4366 387 4447; x_wconf 78' lang='lat' dir='ltr'><strong>diget</strong></span> <span class='ocrx_word' id='word_1_306' title='bbox 400 4365 543 4465; x_wconf 87' lang='lat' dir='ltr'><strong>omnibus</strong></span> <span class='ocrx_word' id='word_1_307' title='bbox 558 4366 617 4449; x_wconf 86' lang='lat' dir='ltr'><strong>illis</strong></span> <span class='ocrx_word' id='word_1_308' title='bbox 632 4368 769 4453; x_wconf 85' lang='lat' dir='ltr'><strong>partibus</strong></span> <span class='ocrx_word' id='word_1_309' title='bbox 785 4370 828 4433; x_wconf 87' lang='lat' dir='ltr'><strong>sic</strong></span> <span class='ocrx_word' id='word_1_310' title='bbox 843 4368 1035 4449; x_wconf 83' lang='lat' dir='ltr'><strong>coordinatis,</strong></span> <span class='ocrx_word' id='word_1_311' title='bbox 1051 4379 1083 4433; x_wconf 90' lang='lat' dir='ltr'><strong>et</strong></span> <span class='ocrx_word' id='word_1_312' title='bbox 1097 4370 1165 4435; x_wconf 88' lang='lat' dir='ltr'><strong>ideo</strong></span> <span class='ocrx_word' id='word_1_313' title='bbox 1176 4369 1256 4435; x_wconf 90' lang='lat' dir='ltr'><strong>nihil</strong></span> <span class='ocrx_word' id='word_1_314' title='bbox 1267 4370 1404 4435; x_wconf 87' lang='lat' dir='ltr'><strong>acciden-</strong></span> 
     </span>
    </p>
   </div>
   <div class='ocr_carea' id='block_1_5' title="bbox 0 0 1614 4984">
    <p class='ocr_par' dir='ltr' id='par_1_8' title="bbox 0 0 1614 4984">
     <span class='ocr_line' id='line_1_37' title="bbox 0 0 1614 4984; baseline 0 0"><span class='ocrx_word' id='word_1_315' title='bbox 0 0 1614 4984; x_wconf 95' lang='lat' dir='ltr'><strong> </strong></span> 
     </span>
    </p>
   </div>
  </div>
 </body>
</html>
