3200 4984
281 348 346 411 290
631 368 673 410 ns
690 368 810 411 narsus
826 367 1016 410 cosrrsurs.
1242 346 1327 429 [cir.
1344 364 1384 405 ιι.

283 530 402 611 deinde,
426 552 481 615 per
509 530 743 595 abstractionem
771 531 810 595 ab
836 531 885 595 bis
910 530 1101 609 differentiis,
1122 530 1335 615 complectitur
1354 538 1386 593 et

284 666 360 707 nnnc
374 651 405 707 et
421 652 490 707 tunc
513 641 570 707 sub
591 666 654 707 una
672 643 788 707 ratione
811 644 952 726 generice
973 644 1099 727 quanda
1115 664 1170 727 per
1183 664 1276 727 quam
1289 643 1387 706 intar-

283 764 371 839 rogat
387 754 424 819 de
440 762 537 833 motu,
553 776 645 839 quem
668 754 790 837 ignorat
814 764 920 817 utrum
944 753 1052 818 debeat
1069 754 1178 817 referre
1196 754 1235 817 ad
1252 776 1329 816 nunc
1346 774 1387 816 an

283 866 323 932 ad
338 876 416 931 tunc.
463 865 531 930 Hoc
546 874 648 929 autem
666 866 780 949 quando
801 888 966 950 puerorum
981 874 1012 929 et
1026 866 1151 930 rudium
1166 874 1212 930 est
1226 874 1387 929 extensum

283 988 315 1042 et
330 978 481 1057 sensibile,
497 986 527 1042 et
543 987 589 1041 est
604 976 685 1041 idem
702 1000 736 1041 ac
754 987 888 1062 tempus.
934 976 1068 1061 Cognito
1089 986 1289 1062 temperent
1310 999 1386 1062 quo-

284 1092 355 1156 dam
373 1101 497 1155 extenso
520 1090 571 1173 (ob
594 1091 802 1154 extensionem
822 1098 936 1170 motus,
952 1090 1006 1174 qui
1020 1090 1056 1154 fit
1078 1090 1112 1153 in
1131 1097 1280 1174 tempore)
1296 1089 1387 1152 intel-

283 1204 381 1268 lectus
396 1204 535 1267 intuetur
549 1202 727 1267 relationem
741 1202 823 1266 inter
836 1202 962 1265 initium
982 1211 1013 1265 et
1027 1202 1121 1265 finem
1140 1209 1243 1265 motus
1257 1223 1294 1264 eo
1307 1209 1388 1263 tem-

284 1338 358 1401 pore
373 1315 481 1393 effecti,
497 1323 528 1380 et
543 1314 586 1379 sic
601 1316 757 1399 cognoscit
771 1314 968 1378 intervallum
983 1314 1032 1378 his
1043 1314 1183 1377 terminis
1198 1321 1388 1391 contentum,

163 1468 169 1481 ·
285 1436 377 1511 atque
402 1426 461 1491 hoc
484 1426 587 1511 ipsum
612 1426 727 1510 cogitat
747 1434 906 1510 tamquam
925 1424 959 1489 in
979 1425 1068 1509 plura
1090 1424 1248 1489 intervalla
1269 1424 1389 1487 minora

286 1537 445 1617 divisibile,
461 1546 493 1601 et
508 1537 712 1601 mensurabile
720 1563 730 1616 ;
753 1537 887 1621 concipit
908 1559 980 1621 ergo
999 1536 1191 1600 intervallum
1215 1535 1388 1599 durativum

285 1648 487 1714 subactione
507 1649 627 1713 numeri
648 1657 799 1727 motuum,
815 1649 939 1713 initium
962 1657 1117 1712 autemst
1138 1648 1230 1732 finem
1255 1646 1389 1711 cuiusvis

285 1760 436 1826 intervalli
451 1760 584 1845 concipit
604 1771 640 1825 ut
656 1761 787 1825 limitem
809 1784 863 1825 seu
880 1761 1048 1825 terminum
1063 1759 1289 1837 indivisibilem,
1305 1757 1390 1843 quod

286 1873 420 1959 appellat
443 1875 559 1958 qnando
580 1873 695 1938 stricte.
739 1873 820 1947 Tum
835 1872 1039 1937 abstrahendo
1054 1896 1071 1935 a
1087 1872 1294 1937 determinatis
1308 1858 1388 1934 limi-

285 1985 379 2065 tibus,
398 1985 508 2050 transit
530 1986 570 2049 ad
589 1992 771 2069 conceptum
792 1985 960 2049 durationis
979 1984 1155 2049 successivae
1171 1982 1388 2047 indetermina-

286 2104 364 2175 tum,
380 2104 410 2159 et
425 2094 551 2160 tandem
565 2118 689 2160 omnem
705 2095 906 2159 successionis
920 2095 1217 2179 repraesentationem
1232 2094 1389 2158 eliminare
1476 2075 1479 2085 λ

285 2230 396 2272 curans
411 2208 449 2271 ad
465 2206 657 2271 durationem
673 2215 807 2271 stantem
825 2217 954 2272 conatur
974 2230 1152 2291 assurgere,
1175 2228 1302 2291 eamque
1316 2229 1390 2270 cou-

286 2320 397 2385 siderat
411 2328 447 2385 ut
463 2319 688 2404 plenitudinem
703 2327 734 2383 et
748 2320 867 2383 fontem
881 2320 983 2383 omnis
998 2319 1167 2384 durationis
1181 2318 1344 2404 possibilis.

330 2432 440 2517 Itaque
463 2430 537 2495 ordo
561 2430 794 2516 perceptionum
818 2430 852 2493 in
874 2430 932 2494 hac
954 2431 1080 2495 materia
1094 2430 1215 2495 videtur
1235 2430 1286 2494 hic
1305 2452 1388 2493 esse:

286 2543 396 2627 primo,
412 2565 449 2606 ex
469 2541 711 2606 successionibus
731 2550 873 2605 motuum
898 2541 1088 2606 sensibilium
1107 2543 1140 2605 in
1165 2542 1301 2606 subiecto
1320 2563 1389 2625 per-

289 2663 433 2718 manente
447 2654 591 2718 oriuntur
606 2654 888 2738 repraesentationes
910 2662 1083 2739 temporum
1103 2654 1334 2739 particularium
1355 2654 1390 2715 in

286 2766 526 2851 imaginatione:
551 2764 694 2844 secundo,
709 2764 884 2829 intellectus
902 2766 1184 2850 repraesentationes
1198 2766 1254 2828 has
1268 2786 1390 2849 compa-

286 2878 382 2944 rando
397 2877 530 2961 assurgit
545 2877 583 2941 ad
599 2877 777 2942 relationem
792 2879 875 2941 inter
889 2879 1004 2962 qnando
1019 2890 1049 2941 et
1065 2878 1189 2961 wando,
1204 2900 1259 2941 seu
1279 2875 1318 2941 ad
1341 2878 1389 2940 in-

287 2990 450 3055 tervallum
476 2989 665 3053 durationis:
688 2990 789 3069 tertio,
817 2987 1019 3054 abstractione
1045 2989 1172 3073 attingit
1195 2989 1387 3052 durationem

287 3102 488 3166 successivam
502 3102 736 3167 indeterminate
751 3104 827 3167 etin
842 3105 997 3167 communi
1012 3129 1019 3167 :
1044 3112 1153 3189 quarto
1164 3103 1298 3184 tandem,
1311 3104 1389 3167 ulte-

286 3214 365 3279 riore
379 3213 583 3280 abstractione
597 3238 632 3281 ac
647 3216 810 3300 negatione
825 3214 1059 3281 successivitatis
1070 3217 1110 3280 ad
1123 3217 1221 3301 ipsius
1235 3217 1388 3281 aeternita-

242 3408 245 3415 Ι
286 3328 327 3390 tis
342 3334 524 3411 conceptum
539 3348 698 3411 assurgere
709 3337 847 3393 conatur.
1378 3336 1382 3339 ’

329 3440 381 3502 50.
406 3436 562 3513 Quaeritur
578 3438 788 3518 decimosexto,
801 3441 962 3504 cuiusmodi
975 3443 1016 3504 sit
1032 3442 1211 3505 continuitas
1225 3441 1390 3505 durationis

286 3559 316 3616 et
330 3553 477 3635 temporis.

330 3661 521 3747 Respondeo,
546 3683 612 3725 esse
638 3660 873 3726 continuitatem
898 3662 1096 3727 resultantem
1127 3684 1162 3726 ex
1188 3662 1390 3727 continuitate

287 3785 400 3839 motus.
445 3774 527 3837 Nam
543 3772 734 3837 considerare
750 3782 873 3858 tempus
888 3775 946 3838 sub
961 3775 1078 3838 ratione
1093 3774 1242 3854 continui,
1254 3783 1301 3838 est
1316 3797 1390 3839 oon-

243 3872 246 3879 *
287 3886 417 3950 siderare
431 3886 464 3948 in
476 3908 512 3949 eo
527 3885 734 3949 extensionem
747 3886 916 3949 secundnm
932 3885 1016 3970 prius
1028 3895 1058 3949 ct
1074 3895 1164 3971 post:
1187 3886 1264 3950 illud
1277 3896 1392 3967 autem,

286 4020 348 4083 quo
363 4007 485 4082 tempus
497 3997 671 4061 extenditur
692 3997 863 4061 secundum
884 3997 970 4082 prius
991 4008 1021 4061 et
1043 4008 1123 4082 post,
1138 4008 1185 4062 est
1200 4008 1303 4062 motus
1318 4021 1391 4062 con-

287 4112 414 4189 tinuus3
437 4132 511 4195 ergo
525 4110 672 4195 temporis
686 4111 874 4175 continuitas
888 4110 1016 4175 resultat
1031 4134 1067 4175 ex
1084 4122 1191 4190 motu;
1215 4121 1246 4176 et
1260 4122 1307 4176 est
1322 4134 1390 4175 suc-

286 4223 409 4301 cessiva,
421 4232 457 4286 ut
472 4230 567 4307 patet,
578 4223 656 4286 sicut
671 4222 736 4306 ipsc
752 4205 864 4287 motus.
910 4222 1073 4299 Quomodo
1085 4246 1155 4289 vero
1167 4232 1289 4308 tempus
1299 4222 1392 4286 simul

287 4336 327 4399 sit
341 4346 372 4398 et
387 4335 569 4406 continuum
584 4343 615 4398 et
630 4357 788 4412 numerus,
806 4334 936 4419 explicat
952 4334 984 4399 S.
1000 4334 1133 4399 Thomas
1149 4335 1266 4421 Opusc.
1281 4339 1336 4399 44.
1350 4336 1391 4398 de
