3200 4984
287 358 351 423 150
602 380 647 426 rra
664 382 867 425 suaeraurrs
882 381 1066 427 consonas.
1200 382 1202 388 ·
1248 362 1331 445 [car.
1349 381 1384 423 11.

287 543 338 609 sed
360 544 417 610 erit
439 552 561 609 tantum
579 546 795 631 potentialiter,
812 570 909 632 quum
930 556 1016 611 aetus
1036 556 1147 611 natura
1164 568 1220 610 sua
1238 544 1387 609 transiens

285 656 317 719 iu
334 657 491 721 materiam
507 667 637 743 nequeat
651 658 781 743 concipi,
797 658 851 723 ubi
866 681 926 728 non
944 668 991 723 θεῖ
1006 658 1134 722 materia
1153 655 1387 741 aliquamque

285 767 456 853 recipiatur.
500 769 542 834 Ilt
558 791 611 853 per
626 770 690 835 haec
704 770 861 854 responsio
876 770 948 838 data
961 769 997 833 fit
1012 768 1190 835 clarissima.

329 879 382 943 62.
404 880 583 963 Replicatis.
623 882 657 945 si
685 882 825 966 potentia
853 882 917 946 haec
944 882 1041 946 activa
1070 903 1134 945 non
1163 880 1255 945 habet
1285 891 1387 943 actum

285 990 428 1055 movendi
447 991 508 1055 uisi
525 992 626 1076 posito
645 991 761 1073 mobili,
776 992 870 1057 habet
893 1002 997 1057 tamen
1015 1002 1118 1060 actum
1137 990 1258 1069 essendi
1271 1016 1288 1067 ;.
1301 1011 1386 1053 secus

285 1101 368 1166 euim
395 1125 457 1167 nou
481 1111 560 1169 esset
585 1103 723 1189 potentia
748 1104 848 1182 realis,
871 1104 923 1167 sed
947 1126 1023 1189 pure
1049 1102 1155 1167 idealis
1178 1111 1209 1167 et
1232 1101 1386 1167 obiectiva.

285 1212 369 1298 Ergo
389 1223 492 1279 manet
513 1214 689 1280 difficultas.
731 1215 815 1300 Ergo
835 1216 943 1301 nequit
965 1237 1056 1280 causa
1079 1237 1169 1300 agere
1190 1214 1251 1278 nisi
1271 1213 1325 1277 ubi
1342 1222 1389 1277 est

285 1331 365 1387 actu.

330 1435 422 1521 Resp.
440 1459 520 1503 conc.
530 1447 592 1503 unt.
605 1447 634 1505 et
647 1440 709 1503 eiua
722 1442 867 1506 rationem
882 1448 912 1503 θῖ
927 1463 956 1503 n.
970 1461 1046 1505 cona.
1071 1439 1151 1503 Nam
1168 1446 1254 1501 actus
1269 1436 1390 1502 essendi

286 1546 324 1611 de
347 1570 379 1611 εθ
402 1569 465 1612 non
489 1558 535 1613 est
562 1559 648 1614 aetus
670 1549 861 1627 ubicativus3
885 1558 915 1613 et
941 1550 1010 1615 ideo
1034 1572 1070 1613 ex
1093 1570 1129 1613 eo
1150 1548 1233 1633 quod
1253 1548 1390 1632 potentia

285 1660 381 1735 activa
404 1660 454 1738 sit,
477 1683 540 1725 non
563 1662 702 1747 sequitur
722 1684 790 1727 eam
813 1660 939 1741 ubicari,
960 1661 1143 1745 ubicumque
1165 1667 1267 1743 potest
1289 1682 1388 1743 agere.

286 1769 390 1849 Quum
414 1772 497 1836 enim
518 1772 653 1838 ubicatio
674 1774 714 1838 sit
736 1796 792 1859 per
814 1774 982 1853 materiam,
999 1772 1045 1838 vis
1060 1795 1123 1836 non
1139 1771 1199 1835 alio
1214 1771 1306 1836 modo
1320 1770 1390 1836 ubi·

171 1902 175 1912 ’
285 1891 372 1946 catur
386 1883 446 1947 nisi
461 1907 516 1969 per
529 1886 689 1949 materiam
704 1909 792 1950 suam
807 1886 973 1970 propriam,
988 1885 1022 1948 in
1037 1891 1168 1969 quaest,
1184 1891 1238 1947 aut
1258 1882 1389 1947 alienam

284 1992 318 2069 in
333 2016 394 2078 qua
407 1995 553 2081 recipitur
567 1997 634 2060 eius
648 2006 744 2061 actua.
772 1997 876 2060 Primo
891 1996 982 2061 modo
997 1995 1041 2060 vis
1057 2004 1103 2065 est
1118 1995 1185 2080 ipsa
1199 1994 1297 2059 forms
1313 1994 1390 2058 dans

285 2128 351 2170 esse
360 2130 423 2172 suae
433 2110 585 2188 materiae3
608 2119 640 2173 et
652 2110 695 2174 sic
706 2109 867 2175 constituit
877 2108 1072 2187 elementum,
1085 2107 1173 2173 cuius
1182 2106 1389 2172 ubicationem

284 2219 457 2304 participat.
481 2221 542 2284 Sed
555 2220 613 2285 hoc
628 2220 720 2285 modo
735 2222 780 2284 vis
794 2243 858 2285 non
873 2229 920 2283 est
935 2219 1073 2304 potentia
1088 2218 1202 2287 motiva
1210 2217 1388 2298 formaliter,

286 2330 340 2394 sed
354 2340 476 2395 tantum
496 2331 667 2396 radicaliter
675 2358 685 2410 ;
708 2350 772 2395 non
791 2331 874 2395 enim
892 2340 995 2397 movet
1017 2354 1105 2410 suam
1122 2330 1278 2416 propriam
1292 2338 1388 2394 mate·

285 2443 371 2521 riam,
388 2443 442 2507 aed
457 2442 510 2508 dat
531 2442 577 2506 illi
596 2466 671 2521 esse,
688 2442 770 2527 quod
790 2451 838 2506 est
859 2442 958 2506 dicere
982 2441 1065 2509 illam
1081 2442 1142 2505 vim
1169 2464 1235 2507 esse
1258 2442 1388 2505 formam

285 2554 524 2619 substantialem.
572 2554 713 2619 Secundo
728 2553 819 2618 modo
831 2554 876 2618 vis
891 2554 944 2617 illa
958 2553 1011 2623 dat
1026 2553 1157 2618 formam
1172 2552 1388 2617 accidentalem

284 2666 418 2731 materiae
441 2665 556 2745 aliena,
574 2665 606 2729 id
629 2675 676 2729 est
700 2664 985 2729 determinationem
1004 2663 1044 2729 ad
1064 2672 1184 2729 motum
1201 2663 1337 2741 localem,
1357 2672 1388 2727 et

285 2778 328 2841 sic
353 2777 515 2862 participat
537 2777 575 2842 de
592 2776 818 2843 ubicationibus
839 2778 973 2843 materiae
996 2774 1111 2840 alienae.
1157 2775 1218 2839 Sed
1242 2775 1301 2845 hoc
1324 2797 1387 2839 non

284 2889 357 2952 lacit
377 2912 431 2974 per
450 2898 553 2953 actum
573 2889 702 2967 essendi,
718 2890 773 2973 qui
787 2896 834 2959 est
845 2896 931 2953 actus
946 2888 1012 2958 eius
1027 2888 1248 2966 substantialis,
1265 2886 1319 2951 sed
1333 2909 1388 2971 per

285 3009 387 3065 actum
398 3001 550 3080 movendi,
563 3002 616 3086 qui
631 3009 678 3065 θεῖ
692 2999 737 3063 illi
752 2998 956 3065 accidentalis.
996 2998 1098 3075 Quare
1113 3007 1199 3063 actus
1209 2998 1390 3063 entitativus

284 3112 430 3200 potentiae
444 3112 608 3191 activaeest
623 3113 656 3176 iu
671 3113 737 3197 ipsa
752 3112 781 3176 ui
796 3134 864 3197 quae
879 3120 925 3175 est
941 3112 1038 3175 forma
1053 3110 1196 3177 clementi
1211 3110 1388 3189 materialis,

285 3223 339 3287 sed
363 3245 427 3287 non
452 3224 612 3290 constituit
638 3223 807 3307 potentiam
830 3223 930 3307 ipsam
953 3224 986 3288 in
1012 3223 1115 3307 aliquo
1138 3224 1199 3301 ubi,
1226 3221 1287 3285 nisi
1309 3221 1389 3286 forte

284 3335 386 3419 ipsum
400 3337 451 3399 ati
465 3335 599 3420 accipere
614 3335 687 3399 velis
701 3334 919 3420 potentialiter.

327 3449 380 3509 63.
409 3448 535 3510 Obiiciea
550 3445 591 3509 5⁰.
615 3446 681 3525 Vis,
696 3470 765 3531 quae
779 3424 956 3533 enteuditur
978 3445 1017 3509 ad
1040 3444 1217 3511 distantiam
1241 3445 1388 3510 maiorem

284 3558 369 3623 omni
392 3557 558 3643 cogitabili,
578 3567 609 3623 et
632 3581 700 3643 quae
725 3580 789 3622 non
816 3558 880 3641 agit
897 3555 1035 3631 debilius
1060 3555 1094 3619 in
1120 3556 1218 3639 plura,
1237 3580 1329 3642 quam
1354 3557 1388 3620 in

283 3671 435 3758 pauciora,
457 3671 564 3756 nequit
584 3670 696 3735 habere
717 3669 928 3733 intensitatem
948 3667 1084 3739 'finitam
1129 3667 1227 3752 Atqui
1247 3668 1318 3731 talis
1340 3680 1387 3731 θεῖ

284 3784 329 3847 vis
353 3783 496 3864 elementi
521 3782 705 3859 materialis3
743 3803 817 3864 ergo
843 3779 914 3845 talis
940 3780 985 3845 vis
1010 3789 1056 3845 θεῖ
1079 3780 1231 3843 intensive
1256 3778 1387 3845 infinita.

284 3896 373 3961 Prob.
390 3893 467 3959 Mai.
491 3894 574 3958 Nam
589 3916 680 3958 causa
693 3892 781 3956 finita
796 3900 883 3957 tanto
899 3891 1030 3964 debilius
1044 3898 1149 3955 causat
1164 3912 1236 3955 suos
1251 3890 1388 3971 effectus,

283 4016 399 4093 quanto
420 4007 519 4091 magis
536 4006 643 4071 crescit
661 4027 808 4069 numerus
831 4004 994 4069 effectuum
1017 4002 1292 4087 producendorum.
1339 4002 1388 4067 si-

283 4118 407 4203 quidem
426 4140 517 4183 causa
536 4118 624 4183 finite
645 4140 699 4202 per
717 4117 843 4182 effectus
860 4094 964 4180 finitos
987 4115 1138 4181 exhauriri
1158 4123 1279 4199 potest:
1303 4136 1386 4198 ergo,

282 4239 434 4310 crescente
456 4252 584 4299 numero
606 4230 779 4309 effectuum,
802 4228 979 4301 debilitatur
1000 4229 1032 4293 in
1056 4226 1257 4311 productione
1280 4227 1388 4321 singuf

280 4340 391 4407 lorum.
437 4343 543 4406 Minor
558 4365 627 4407 vero
642 4350 761 4406 constat
783 4342 1002 4409 observatione.
1049 4340 1131 4405 Nam
1152 4339 1197 4405 sol
1213 4362 1240 4403 v.
1257 4362 1302 4423 gr.
1323 4360 1387 4402 non
