3200 4984
274 382 339 446 288
637 405 679 449 nn
695 406 815 453 narsus
830 407 1020 452 coursuurs.
1230 386 1317 471 [car.
1334 405 1374 447 ιι.
1392 392 1395 395 ’

319 550 448 614 Videtur
457 572 530 635 ergo
541 550 716 633 dicendum,
729 577 792 619 non
800 578 890 640 posse
898 578 967 621 cum
978 554 1104 620 veritate
1112 554 1240 639 eogitari
1250 551 1375 637 aliquod

275 686 352 727 nunc
381 666 578 748 quantumvis
600 664 826 751 imaginarium,
851 680 922 733 ante
946 667 1146 733 creationem:
1172 666 1270 731 etsie
1298 688 1376 727 aune

274 775 403 841 alienius
418 776 579 845 creationis
590 787 637 843 est
648 778 781 863 primum
796 803 873 844 nanc
884 780 949 844 sine
957 778 1161 864 repugnantia
1169 775 1373 861 imaginabile.

273 888 315 951 Et
334 896 438 952 tamen
458 890 660 954 communiter
677 889 807 955 dicimus
833 900 901 955 cate
927 892 1072 969 merdam,
1094 898 1163 953 aute
1176 888 1291 966 secula,
1305 896 1375 950 cate

274 1008 407 1092 tempus3
430 1000 482 1065 sed
498 1023 552 1087 per
566 1001 630 1067 haec
644 1001 735 1067 verba
750 1003 910 1067 innuimus
924 1026 1001 1066 auae
1018 1000 1209 1078 aeternitatis,
1225 998 1272 1063 vel
1286 1007 1373 1062 aeter·

274 1110 413 1189 nitatem,
429 1134 499 1196 quae
514 1134 584 1175 cnm
600 1112 639 1176 sit
654 1111 743 1177 nobis
757 1111 1003 1197 inintelligibilis,
1019 1110 1172 1195 cogitatur
1191 1132 1210 1173 a
1231 1107 1319 1172 uobis
1334 1108 1373 1170 ad

273 1221 400 1287 modum
415 1223 513 1287 nostri
526 1224 673 1309 temporis
681 1250 691 1302 3
715 1224 767 1287 sed
783 1224 991 1309 expressiones
1005 1222 1068 1287 illae
1083 1230 1156 1286 sunt
1170 1220 1263 1298 falsae,
1279 1220 1304 1283 si
1319 1218 1373 1283 ab·

274 1333 373 1399 solute
396 1345 567 1415 sumantur,
582 1334 656 1399 licet
670 1358 740 1400 vera
755 1335 796 1399 sit
810 1358 859 1399 res
873 1357 966 1421 quam
982 1332 1170 1420 per·easdem
1184 1330 1373 1396 intendimus

274 1446 462 1531 significare:
485 1455 516 1510 et
531 1447 563 1509 in
579 1455 701 1511 tantum
722 1446 939 1526 admittuntur,
954 1447 988 1510 in
1011 1454 1161 1531 quantum
1185 1442 1374 1528 impossibile

273 1567 320 1622 est
335 1558 423 1622 nobis
438 1557 526 1622 aliter
539 1558 634 1643 loqui,
650 1559 723 1643 quia
738 1561 909 1643 imeyiactio
924 1568 1025 1622 nostra
1039 1580 1098 1621 aon
1114 1557 1292 1621 traaaceidit
1305 1577 1373 1618 eou-

274 1674 387 1736 tiaaum
401 1680 431 1736 et
445 1680 567 1757 ternpus,
578 1682 614 1737 ut
632 1682 720 1737 notat
741 1673 773 1738 S.
789 1674 923 1738 Thomas
938 1674 970 1737 in
985 1673 1078 1737 citato
1098 1670 1246 1757 opusculo
1263 1672 1309 1733 De
1328 1672 1373 1732 ia·

273 1785 428 1849 steatitis.
1266 1787 1267 1791 ’

317 1896 371 1959 48.
396 1894 552 1971 Quaeritur
566 1896 802 1981 quartadecima,
813 1905 912 1961 auum
927 1904 1040 1979 tempas
1054 1897 1094 1960 sit
1107 1916 1242 1958 measure
1257 1894 1374 1977 quietis,

273 2007 350 2071 sieut
363 2016 407 2071 est
421 2030 557 2072 menard
571 2016 675 2073 naotm.
856 2077 859 2082 Α

318 2119 501 2203 Respondeo
515 2129 638 2204 tempus
653 2142 718 2183 esse
734 2141 909 2184 mensuram
924 2127 1027 2182 motus
1041 2118 1247 2208 intrinsecam,
1262 2116 1373 2202 quietis

273 2240 376 2295 autem
398 2231 606 2295 extrinsecam.
652 2232 693 2295 Et
708 2231 875 2316 explicatur
890 2230 978 2294 facile
991 2229 1156 2313 cogitando
1172 2228 1234 2292 duo
1249 2239 1373 2313 puncta,

274 2364 404 2427 quorum
427 2366 526 2407 unum
549 2345 588 2407 sit
602 2344 708 2422 fixum,
727 2351 757 2407 et
779 2342 863 2407 eliud
885 2342 916 2405 in
941 2351 1030 2405 motu
1056 2341 1228 2405 describens
1250 2340 1374 2404 lineam.

217 2479 218 2482 ¹
275 2453 357 2517 Nam
373 2455 502 2518 mutatio
523 2454 675 2517 distantiae
697 2462 764 2517 orta
783 2476 819 2517 ex
839 2461 927 2516 motu
942 2452 1033 2516 nnius
1048 2453 1165 2536 puncti,
1182 2460 1375 2515 mensuratur

275 2587 329 2649 per
344 2566 444 2650 ipsum
457 2576 575 2629 motum
588 2565 787 2633 intrinsecum
802 2565 937 2629 eiusdem
952 2564 1078 2649 puncti3
1101 2564 1151 2628 hic
1162 2573 1264 2628 autem
1273 2572 1375 2626 motus

275 2686 322 2741 est
337 2676 452 2762 aliquid
467 2677 557 2762 plane
572 2677 775 2742 extrinsecum
790 2675 877 2740 alteri
893 2686 1007 2761 puncto
1022 2674 1189 2760 quiescenti
1197 2700 1207 2753 3
1230 2683 1375 2738 ettamen

275 2790 365 2853 efficit
388 2799 424 2853 ut
448 2788 547 2874 ipsum
572 2789 732 2873 quiescens
749 2787 923 2851 inveniatur
941 2787 1074 2851 existens
1094 2788 1126 2849 in
1145 2786 1204 2850 alia
1222 2786 1375 2850 distantiae

275 2900 421 2964 relatione
436 2924 454 2964 a
468 2911 582 2985 puncto
598 2911 690 2964 moto.
737 2898 884 2962 Similiter
897 2920 970 2982 ergo
990 2897 1152 2962 dicendum
1168 2898 1206 2961 de
1220 2908 1357 2983 tempore
1365 2922 1375 2974 3

275 3012 348 3076 dnm
372 3012 453 3076 enim
477 3034 574 3076 unum
597 3011 666 3075 fluit
689 3022 720 3075 et
744 3009 830 3074 alind
852 3010 991 3095 quiescit,
1016 3032 1162 3075 numerus
1185 3021 1296 3088 motus,
1319 3010 1374 3094 qui

274 3123 400 3187 resultat
422 3145 458 3187 ex
477 3123 563 3187 fluxu
585 3123 688 3201 unius,
705 3131 861 3185 mensurat
883 3122 1085 3206 quantitatem
1109 3122 1374 3205 mutationisque

272 3243 411 3299 mutatur
432 3238 598 3299 successive
619 3236 685 3299 eius
707 3233 813 3298 relatio
833 3233 1069 3318 adquiescens:
1092 3242 1123 3297 et
1137 3234 1205 3297 ideo
1219 3234 1375 3319 quantitas

274 3347 452 3411 mutationis
475 3348 561 3411 factae
580 3347 613 3410 in
634 3347 688 3410 tali
707 3345 855 3411 relatione
877 3346 1105 3410 mensurabitur
1124 3368 1251 3431 numero
1272 3356 1373 3410 motus

273 3459 434 3523 extrinseci
460 3458 518 3543 ipsi
542 3458 718 3543 quiescenti.
780 3457 812 3521 S.
839 3456 971 3520 Thomas
998 3456 1092 3521 alium
1116 3468 1200 3521 tenet
1229 3456 1374 3542 loquendi

275 3573 419 3637 modum:
443 3574 607 3636 Dicendum
629 3580 682 3651 est,
701 3571 814 3655 inquit,
840 3571 919 3653 quod
939 3573 1016 3635 sieta
1040 3580 1152 3654 tempas
1174 3580 1218 3634 est
1239 3594 1374 3635 mensura

274 3694 369 3748 mettas
385 3706 443 3768 per
465 3706 506 3764 se,
526 3685 571 3747 ita
593 3692 637 3747 est
660 3704 794 3746 measure
818 3683 924 3765 quietis
941 3704 998 3763 per
1019 3682 1159 3745 accimus.
1204 3682 1276 3745 Non
1297 3684 1374 3745 enim

272 3804 386 3880 oportet
401 3796 480 3880 qaod
492 3818 573 3859 omne
588 3796 667 3878 quot
679 3804 723 3859 est
737 3795 768 3857 iu
784 3802 912 3877 tempore
931 3802 999 3857 actu
1019 3802 1178 3874 moveatur,
1198 3796 1274 3859 siem
1290 3817 1372 3857 omae

234 3978 237 3985 ,
274 3909 353 3992 qnod
364 3916 408 3971 est
422 3910 454 3971 iu
468 3917 548 3971 mota
561 3929 674 3971 necesse
688 3914 731 3971 est
746 3906 902 3969 actualiter
910 3907 1019 3969 moveri
1026 3931 1036 3977 ,·
1058 3908 1129 3989 quic
1138 3914 1251 3989 tenpus
1260 3929 1319 3969 aea
1329 3914 1374 3969 est

184 4132 187 4138 '
272 4127 382 4175 ceteram
401 4119 485 4173 talem
504 4118 651 4173 terminum
670 4117 799 4173 excludit
836 4116 926 4186 Unde,
937 4116 1020 4180 ‚sicut
1039 4135 1095 4171 non
1111 4123 1201 4190 potest
1217 4118 1280 4186 diei,
1299 4118 1372 4189 quod

272 4205 371 4261 mobile
383 4205 476 4260 veniat
487 4206 519 4259 ab
531 4206 662 4273 immenso,
675 4204 740 4276 quia
756 4202 921 4275 ubicumque
937 4203 975 4257 sit
991 4221 1097 4275 sempor
1114 4209 1156 4258 est
1173 4204 1202 4257 in
1215 4210 1306 4258 cantm
1318 4204 1371 4258 im-

271 4293 432 4361 mensitatis,
443 4293 484 4347 ita
494 4310 549 4346 non
560 4298 650 4365 potest
662 4291 716 4346 dici
729 4291 762 4345 de
774 4292 851 4345 fluxu
863 4291 1000 4362 temporis,
1012 4291 1085 4364 quod
1096 4290 1134 4346 sit
1145 4292 1178 4345 ab
1190 4298 1292 4361 omno,
1305 4292 1371 4364 quia

273 4397 377 4451 semper
388 4386 429 4433 est
441 4380 470 4433 in
481 4383 581 4448 centro,
594 4384 625 4433 ut
636 4378 675 4433 sic
687 4378 784 4445 dicam,
798 4377 964 4433 aetenritatis.
