3200 4984
228 402 302 447 oar.
321 385 392 470 111.]
586 410 628 451 nr
644 410 763 453 narsus
780 410 969 455 courruurs.
1266 393 1328 455 311

228 584 301 654 tete,
318 590 353 641 ut
368 601 412 641 ne.
421 578 539 665 concipi
558 581 683 665 quidem
703 584 798 668 possit
819 592 921 647 motus
942 583 1008 647 eine
1026 591 1172 668 tempore.
1217 582 1278 648 Sed
1293 584 1331 648 de

228 689 286 753 hoe
300 690 383 753 setis.

602 973 787 1017 aarrcuuus
802 974 953 1017 ruamus.

522 1090 570 1152 De
584 1090 788 1176 affectionibus
803 1098 900 1154 motus
915 1089 1026 1155 loculis.

270 1228 322 1294 75.
348 1224 491 1329 Superest
505 1226 703 1311 querendum
727 1227 765 1291 de
785 1227 834 1307 iis,
857 1250 926 1314 quae
947 1226 1090 1294 accidunt
1105 1227 1204 1292 motui
1217 1226 1323 1292 locali:

227 1346 257 1398 et
273 1346 346 1404 sunt
360 1338 494 1417 intensio,
509 1340 641 1403 remissio
657 1346 688 1403 et
703 1338 836 1419 inflacio.
882 1338 986 1416 Quum
1001 1338 1084 1403 enim
1099 1347 1201 1405 motus
1214 1337 1325 1404 hebeat

227 1529 257 1584 Si
269 1550 332 1603 ergo
344 1532 449 1589 duratio
468 1539 543 1588 aetus
557 1541 721 1607 supponatur
736 1534 920 1604 infinitesima,
940 1535 1023 1590 etiam
1034 1536 1162 1591 velocitas
1174 1536 1208 1591 eb
1220 1553 1252 1590 eo
1263 1553 1326 1608 pro·

225 1617 307 1671 dueta
318 1619 369 1673 erit
380 1618 562 1689 infinitesima,
574 1620 627 1674 nisi
640 1627 735 1693 agetur
746 1622 779 1676 de
792 1621 897 1677 actione
908 1622 1019 1677 virtutis
1030 1622 1162 1690 infinitre3
1181 1627 1246 1676 tirno
1253 1621 1326 1675 enim

225 1703 353 1759 velocitas
364 1706 495 1778 producta
509 1706 539 1760 in
557 1707 698 1762 duratione
713 1707 890 1763 infinitesime
906 1714 976 1762 esset
994 1708 1073 1763 finita
1088 1714 1117 1763 et
1131 1708 1326 1777 mensurabilis,

225 1795 257 1847 ut
268 1791 366 1845 docent
376 1793 570 1863 mathematici,
584 1799 612 1848 et
623 1794 742 1849 vidimus
756 1793 831 1849 alibi.
867 1795 949 1867 Ergo,
962 1813 1046 1867 quum
1057 1796 1188 1853 velocitas
1199 1795 1328 1868 impresse

225 1875 258 1930 eb
279 1883 375 1948 egente
392 1878 470 1933 finito
487 1879 628 1935 indefinite
646 1882 792 1950 minuatur,
811 1882 918 1936 minuta
934 1882 1075 1936 indefinite
1093 1882 1232 1937 duratione
1249 1888 1326 1937 actus

225 1963 329 2033 motivi,
342 1983 506 2038 consequens
516 1974 565 2037 est,
578 1968 685 2040 quodsi
697 1969 803 2023 duratio
819 1974 895 2024 ectus
906 1970 943 2024 sit
954 1969 1074 2024 absolute
1086 1971 1169 2040 nulla,
1182 1971 1265 2025 etiem
1276 1988 1325 2025 ve-

224 2051 319 2106 locitas
334 2052 371 2106 sit
388 2052 509 2109 absolute
529 2054 606 2108 nulla
620 2061 649 2109 et
669 2056 759 2110 nullus
779 2062 878 2110 motus.
913 2056 953 2110 Et
969 2056 1021 2111 hoc
1033 2056 1147 2111 ulterius
1157 2056 1324 2111 ostenditur:

224 2136 287 2208 quia
298 2137 322 2193 si
334 2156 394 2210 quae
406 2139 535 2195 velocitas
544 2141 732 2214 produceretur
743 2140 772 2195 in
783 2141 900 2196 termino
911 2141 1049 2215 temporis,
1060 2140 1109 2216 qui
1120 2142 1224 2197 nullam
1234 2141 1325 2212 habet,

140 2270 144 2273 .
224 2242 258 2279 ne
272 2224 475 2285 infinitesimam
487 2228 605 2301 quidem,
623 2228 821 2301 proportionem
836 2247 899 2283 eum
915 2228 1006 2301 alique
1023 2228 1174 2300 quantitate
1190 2227 1325 2300 temporis,

224 2310 306 2365 etiam
317 2312 446 2368 velocitas
458 2313 507 2367 illa
523 2313 632 2368 nullam·
642 2314 754 2369 haberet
769 2315 976 2387 proportionem,
993 2332 1027 2368 ne
1041 2313 1245 2368 infinitesimem
1263 2314 1324 2387 qui-

224 2397 294 2467 dem,
307 2417 369 2453 cum
381 2400 524 2455 velocitate
535 2402 666 2474 producta
675 2401 703 2455 in
711 2400 802 2472 eliqua
811 2402 963 2473 quantitate
972 2400 1108 2473 temporie.
1144 2400 1185 2454 At
1193 2407 1326 2473 repugnat

223 2482 360 2555 reloeites,
380 2503 441 2557 quae
462 2487 566 2542 nullam
586 2487 685 2545 habeat
704 2488 912 2560 proportionem,
933 2505 968 2542 ne
985 2486 1190 2543 infinitesimam
1205 2486 1324 2559 quidem,
1435 2548 1439 2553 ,

223 2586 285 2633 cum
297 2570 351 2627 elia
361 2571 520 2642 velocitet03
538 2578 603 2627 sunt
613 2573 687 2627 enim
698 2574 855 2629 velocitates
867 2592 960 2629 omnes
971 2574 1001 2627 in
1012 2574 1107 2628 eadem
1118 2573 1206 2647 specie
1218 2574 1325 2646 quenti·

223 2656 287 2711 tatis
296 2658 438 2714 intensiva
449 2680 455 2714 ε
474 2660 639 2733 quantitates
648 2666 739 2714 autem
748 2661 869 2717 eiusdem
877 2662 976 2735 speciei
985 2661 1226 2735 proportionantur.
1252 2660 1325 2733 Ergo

223 2744 299 2799 nulla
315 2752 357 2801 est
374 2748 512 2817 velocitas,
536 2764 597 2819 quae
615 2748 769 2820 acquiratur
786 2748 816 2801 in
834 2749 949 2803 termino
967 2748 1110 2822 temperis3
1135 2753 1163 2802 et
1180 2748 1219 2802 sio
1235 2748 1326 2803 nullus

223 2836 299 2886 aetus
310 2835 414 2906 egentis
425 2834 497 2889 finiti
509 2840 599 2907 potest
610 2833 780 2889 instantenee
795 2852 904 2890 causare
920 2841 1033 2893 motum.
1069 2835 1144 2907 Ergo
1156 2839 1324 2892 momentum

223 2924 312 2976 motus
323 2938 378 2980 uon
388 2921 510 2995 precedit
521 2940 556 2976 ex
567 2926 631 2977 ectu
648 2920 828 2991 instantane0‚
844 2923 893 2977 sed
910 2922 1074 2993 continuato,
1089 2922 1188 2977 saltem
1203 2921 1323 2976 infinite-

222 3004 304 3062 simo:
319 3014 347 3063 et
356 3014 549 3082 consequenter
558 3008 674 3077 videtur,
682 3009 755 3081 quod
763 3010 873 3081 aliquod
880 3015 995 3083 tempus,
1003 3010 1098 3063 saltem
1109 3008 1324 3078 infinitesimum‚

223 3098 358 3173 praecedet
369 3102 482 3151 motum.

259 3185 311 3241 Oui
319 3183 472 3239 difficultati
480 3182 519 3237 sie
528 3182 744 3255 respondendum
753 3182 869 3236 videtur.
905 3182 997 3247 Quum
1009 3182 1116 3253 dicitur,
1129 3183 1164 3237 ad
1174 3182 1325 3254 producen-

221 3274 288 3328 dum
308 3277 413 3326 metum
431 3269 531 3342 requiri
550 3275 642 3329 aetum
663 3270 848 3338 continuatum,
870 3269 1005 3343 expressio
1024 3275 1067 3325 est
1085 3269 1227 3343 ambigua3
1250 3287 1323 3339 nem,

222 3378 307 3433 quum
318 3360 420 3430 quondo
432 3375 487 3411 non
498 3356 566 3410 fluet
575 3356 629 3412 nisi
640 3375 688 3431 per
698 3362 812 3423 motum,
822 3356 928 3411 nullum
937 3362 979 3410 est
990 3358 1093 3429 wado
1101 3357 1247 3412 formaliter
1258 3376 1323 3413 oon-

221 3450 366 3515 tinuatum‚
378 3447 463 3500 donee
474 3444 565 3499 nullus
576 3449 618 3499 est
634 3451 738 3513 motus3
762 3445 826 3518 quia
842 3444 950 3512 mobile,
968 3444 993 3499 α’
1008 3445 1181 3499 ωηείᾱονάαν
1197 3451 1322 3517 quantum

221 3538 258 3589 od
267 3554 344 3589 suum
356 3553 407 3588 esee
418 3532 590 3601 maneae,
608 3550 660 3586 aon
671 3539 837 3586 memoretur
848 3539 969 3603 ternpore,
990 3536 1022 3586 ut
1042 3532 1162 3587 diximus
1172 3550 1199 3586 n.
1212 3533 1248 3586 48
1259 3549 1322 3586 cum

222 3622 249 3676 S.
262 3622 381 3676 Thema:
400 3627 428 3674 et
439 3620 501 3673 ideo
513 3624 603 3675 motus
619 3636 674 3672 non
689 3619 902 3673 eommunieenn
918 3618 1013 3675 mobili
1024 3618 1054 3673 in
1070 3618 1211 3673 duratione
1222 3618 1322 3673 torma·

220 3710 284 3763 liter
294 3708 451 3776 successiva,
464 3707 512 3761 sed
523 3705 701 3761 induratione
713 3705 866 3760 virtualiter
874 3709 982 3759 tantum
990 3704 1141 3761 successiva
1150 3710 1178 3759 et
1186 3705 1321 3773 continua,

220 3796 328 3851 realiter
340 3801 431 3849 autem
442 3800 534 3863 stante,
545 3794 630 3848 donee
642 3792 754 3865 incipiat
765 3798 863 3847 motus.
900 3792 973 3863 Ergo
986 3792 1054 3846 illud
1065 3782 1278 3864 infinitesimum,
1288 3792 1322 3846 de

220 3900 274 3954 quo
287 3883 383 3955 agitur,
395 3900 450 3935 non
461 3880 544 3935 habet
553 3880 686 3935 rationem
698 3880 835 3955 temporis,
848 3880 896 3933 sed
904 3878 1011 3951 quietis.

256 3970 287 4024 si
299 3974 391 4023 tamen
400 3972 584 4040 supponantur
593 3966 707 4020 existere
716 3965 770 4019 alia
778 3964 890 4020 mobilia
901 3966 931 4019 ln
941 3971 1027 4035 motu,
1037 3970 1144 4039 tempus
1155 3966 1253 4021 horum
1260 3984 1321 4021 mo·

220 4062 299 4111 tuum
319 4054 486 4109 mensurabit
505 4054 539 4109 ab
561 4052 719 4120 extrinseco,
738 4052 784 4107 vel
804 4069 853 4124 per
871 4052 994 4107 accidens
1013 4052 1053 4125 (n.
1074 4053 1124 4127 48)
1149 4053 1319 4108 durationem

221 4144 319 4216 quietis
330 4142 522 4212 infinitesidree‚
534 4140 564 4195 in
576 4158 630 4212 qua
641 4138 720 4195 alteri
731 4139 945 4193 communicatio
956 4145 1062 4195 motus:
1081 4145 1109 4194 et
1120 4141 1180 4195 haec
1195 4158 1321 4195 mensura

219 4230 367 4285 durationis
379 4228 518 4284 evidenter
527 4226 656 4301 pendebit
668 4244 702 4279 ex
715 4231 792 4280 motu
809 4226 918 4280 illorum
929 4226 1080 4283 mobilium.
1116 4227 1206 4293 Quare
1216 4226 1320 4283 nullam

204 4323 282 4371 -ante
294 4322 400 4371 motum
412 4314 581 4370 durationem
592 4312 748 4387 smmditer
754 4314 886 4385 fluentem
903 4312 1056 4384 indigemus
1067 4314 1217 4383 admittere,
1229 4330 1264 4368 ne
1275 4313 1319 4367 in·

220 4403 393 4458 finitesirnem
404 4401 522 4474 quidem,
534 4400 569 4456 ad
579 4398 768 4472 explicandam
780 4399 1051 4460 communicationem
1063 4406 1160 4460 motus
