3200 4984
215 371 286 418 car.
305 350 375 434 nn]
577 371 620 417 ou
637 370 756 415 ramus
772 370 967 413 oonrrnors.
1251 352 1314 412 ³15

215 548 401 605 transeunte.
447 538 530 622 Ergo
545 538 666 606 videtur
687 538 942 618 concludendum,
965 538 1084 603 nullum
1108 538 1174 605 dari
1196 547 1315 603 motum

214 651 346 735 rigorose
369 649 562 728 uniformem,
586 648 693 713 saltem
717 648 804 713 cuius
828 649 947 714 duratio
968 672 1032 715 non
1052 650 1093 715 sit
1107 649 1315 715 infinitesima.

216 768 374 844 Praeterea,
390 766 482 830 etiam
496 764 681 854 negligendo
695 764 950 831 innumerabilem
964 764 1047 830 illam
1062 768 1220 850 amatium
1235 766 1317 831 rnul-

163 897 167 904 ·
216 879 392 957 titudinem,
407 886 438 943 et
454 878 589 945 sistendo
603 879 637 943 in
652 878 715 942 sola
730 878 971 946 consideratione
981 879 1136 943 actionum
1152 880 1317 945 elementa·

217 991 308 1070 num,
324 1012 393 1076 que
404 1002 581 1057 exercentur
589 990 670 1057 inter
681 990 846 1055 moleculas
860 990 1013 1075 proximas
1028 991 1163 1057 eiusdem
1173 992 1316 1076 corporis,

218 1103 265 1165 vel
287 1102 367 1168 inter
388 1101 538 1168 elementa
560 1100 697 1165 eiusdem
719 1100 884 1180 moleculaa,
907 1110 1032 1186 apparet
1051 1124 1088 1166 ex
1108 1104 1156 1181 iis,
1179 1126 1248 1188 quae
1269 1124 1318 1166 os·

218 1212 373 1281 tendimus
396 1212 429 1275 in
454 1219 587 1278 tractatu
613 1212 662 1278 Da
685 1213 851 1278 substantia
873 1234 1014 1296 corporea
1036 1235 1062 1276 c.
1086 1212 1119 1278 ii.
1143 1236 1206 1279 non
1229 1211 1318 1298 posse

218 1324 324 1393 baberi
335 1332 454 1391 motum
464 1322 600 1407 rigorose
615 1322 809 1402 uniformem,
820 1332 852 1391 et
866 1323 924 1389 hoc
939 1325 1070 1409 pendere
1080 1347 1117 1390 ex
1131 1326 1198 1411 ipsa
1207 1334 1318 1390 natura

219 1438 329 1503 virium
356 1436 557 1502 materialium
581 1436 738 1520 agentium
760 1436 794 1499 in
818 1436 935 1501 ratione
960 1436 1080 1501 inversa
1101 1437 1318 1522 quadraturam

221 1549 445 1615 distantiarum.
491 1547 584 1626 Hinc,
599 1570 638 1615 ne
653 1571 707 1633 per
721 1548 871 1615 actionem
892 1549 1016 1634 quidem
1037 1550 1164 1614 liberam
1184 1551 1318 1617 hominis

220 1659 347 1745 produci
361 1667 462 1743 potest
477 1659 725 1743 motusrigorose
740 1659 911 1737 uniformis,
926 1682 1024 1745 quum
1038 1660 1130 1726 homo
1144 1684 1208 1726 non
1222 1663 1319 1727 valeat

221 1772 371 1856 attingere
396 1770 546 1838 elementa
571 1771 714 1850 materiae,
741 1771 801 1835 nisi
826 1781 861 1835 ut
885 1771 1013 1835 suntin
1035 1774 1263 1858 compositione,
1288 1775 1320 1841 id

221 1892 268 1951 est
291 1892 326 1947 nt
349 1883 411 1947 iam
438 1882 573 1947 subiecta
595 1882 693 1949 motui
714 1883 911 1963 inconstanti,
931 1905 1024 1968 quem
1045 1886 1152 1970 nequit
1172 1886 1321 1969 impedire

222 2006 275 2063 aut
293 1994 476 2061 uniformem
495 1994 633 2060 reddere.
676 1994 806 2059 Videtur
827 2016 910 2078 ergo,
933 1996 1017 2080 quod
1036 1997 1076 2061 ad
1096 1996 1271 2063 habendum
1286 1999 1320 2063 in

222 2106 339 2174 mundo
361 2107 493 2192 aliquem
515 2114 634 2174 motum
660 2106 796 2189 rigorose
820 2106 1004 2173 uniformem
1028 2110 1200 2192 requiratur
1224 2109 1321 2174 virtus

222 2218 323 2304 aliqua
338 2221 443 2299 maior,
458 2242 486 2283 v.
502 2240 549 2303 gr.
570 2217 717 2301 angelica,
736 2216 842 2281 saltem
858 2218 885 2281 si
898 2218 964 2283 eius
987 2218 1106 2282 duratio
1128 2242 1192 2283 non
1213 2220 1321 2285 debeat

223 2354 288 2395 esse
302 2330 509 2395 infinitesima.

268 2443 354 2520 Quid
372 2464 452 2521 vero,
475 2441 502 2506 si
523 2441 589 2505 eius
611 2440 731 2505 duratio
749 2441 1152 2526 supponatur·infinitesima
1172 2444 1320 2509 tantuml

223 2552 352 2634 Censeo,
374 2562 493 2619 motum
514 2553 649 2637 rigorose
670 2552 856 2617 uniformem
876 2552 958 2616 intra
982 2552 1095 2617 limites
1117 2554 1321 2620 infinitaaimae

224 2664 394 2730 durationis
409 2686 474 2729 esse
488 2663 714 2729 admittendum
733 2663 767 2727 in
784 2686 888 2728 rerum
907 2673 1028 2728 natura.
1072 2664 1164 2730 Ratio
1177 2674 1234 2746 est,
1249 2667 1322 2752 qnia

221 2785 328 2843 motus
341 2798 405 2841 non
419 2776 540 2844 videtur
553 2797 642 2860 posse
656 2775 765 2840 vanari
778 2776 811 2839 in
826 2776 956 2841 instanti
974 2776 1109 2860 rigorose
1127 2776 1303 2842 indivisibili
1311 2805 1321 2857 3

225 2911 298 2973 ergo
324 2888 431 2953 saltem
455 2888 488 2952 in
513 2886 710 2951 infinitesimo
732 2886 880 2971 temporis
899 2895 1002 2951 motus
1020 2897 1124 2953 manet
1145 2889 1322 2958 invariatus.
1386 2924 1394 2939 ·

221 2998 360 3078 'Accedit
376 2999 468 3084 quod,
484 2998 511 3062 si
524 3006 627 3062 motus
638 2997 738 3063 omnis
748 2997 792 3062 ita
800 2998 1031 3079 essetvariatns,
1046 3008 1083 3064 ut
1097 3022 1137 3065 ne
1147 3000 1180 3065 in
1189 3001 1322 3069 infinite-

227 3112 305 3176 simo
320 3111 445 3197 quidem
459 3110 605 3195 temporis
627 3109 686 3175 sibi
704 3119 866 3189 constaret,
885 3110 991 3175 nullus
1009 3119 1112 3177 motus
1130 3112 1255 3178 haberet
1269 3113 1323 3177 ali·

223 3246 318 3309 quam
340 3221 488 3288 actualem
510 3222 710 3301 velocitatem,
733 3222 787 3287 sed
808 3230 930 3287 tantum
952 3224 1101 3289 actualem
1122 3225 1324 3293 mutationem

225 3334 404 3413 velocitatis,
426 3333 459 3397 id
480 3341 527 3397 est
549 3356 612 3398 non
633 3334 759 3399 haberet
781 3333 871 3399 aliam
893 3335 1033 3415 formam,
1048 3335 1108 3399 nisi
1123 3339 1324 3401 mutationem

226 3469 289 3511 suae
303 3447 427 3525 formam
449 3445 533 3531 atqui
544 3445 603 3509 hoc
612 3445 738 3509 involvit
749 3446 941 3510 manifestam
952 3447 1197 3531 repugnantiam.
1230 3448 1325 3532 Ergo.

227 3558 328 3623 Maior
343 3568 445 3622 autem
461 3557 630 3621 declaratur
638 3582 649 3636 3
671 3580 768 3643 quum
782 3557 865 3621 enim
880 3558 912 3622 in
927 3558 1056 3623 instanti
1070 3557 1247 3623 indivisibili
1260 3580 1325 3623 non

228 3670 360 3735 salvetur
375 3678 487 3748 motus,
502 3668 540 3732 de
554 3668 642 3732 cuius
650 3668 783 3733 essentia
792 3677 840 3733 est
851 3668 1069 3748 successivitas,
1080 3668 1172 3733 etiam
1183 3668 1325 3733 velocitas

227 3804 291 3846 non
300 3781 465 3847 salvabitur
475 3780 508 3845 in
522 3779 652 3845 instanti
662 3779 840 3844 indivisibili
847 3806 858 3860 5
874 3803 960 3846 secus
970 3780 1093 3845 daretur
1103 3781 1230 3845 actualis
1244 3782 1326 3845 velo-

227 3894 303 3958 citas
313 3893 378 3957 sine
387 3891 573 3977 motn,quod
581 3900 629 3955 est
639 3891 927 3971 contradictorium
942 3915 1016 3976 ergo
1024 3892 1109 3957 nulla
1118 3901 1164 3957 est
1173 3893 1325 3975 velocitas,

228 4004 316 4069 cuius
331 4011 418 4069 actus
433 4001 520 4067 sitin
540 4001 669 4067 instanti
687 4001 822 4085 rigorose
844 4002 1040 4069 indivisibili:
1064 4004 1187 4068 daretur
1206 4026 1278 4089 ergo
1292 4004 1326 4068 in

229 4123 317 4179 motu
335 4135 454 4199 semper
470 4113 585 4178 variato
603 4112 733 4176 mutatio
757 4111 931 4193 velocitatis,
951 4116 1028 4199 quin
1042 4138 1190 4201 umquam
1204 4116 1328 4182 daretur

228 4225 380 4293 velocitas.
426 4226 487 4289 Res
501 4224 630 4289 ulterius
645 4222 790 4288 declarari
805 4234 907 4309 potest
926 4225 1043 4309 optima
1061 4228 1200 4311 paritate.
1244 4228 1326 4295 Nam

132 4374 134 4383 ι
195 4362 200 4367 ·
228 4338 271 4403 ita
286 4336 425 4403 sehabet
447 4336 596 4401 successio
617 4334 764 4401 continua
778 4335 971 4403 velocitatem
992 4337 1032 4402 ad
1047 4338 1236 4405 velocitatem
1258 4340 1329 4406 uni·
