3200 4984
281 350 347 415 280
621 373 663 417 uu
680 373 799 419 aniane
814 373 1005 425 coruinum.
1241 349 1326 433 [cae.
1342 366 1380 409 ιι.

280 560 338 601 non
346 540 548 623 peraptetant
563 548 675 626 tempta
689 543 916 627 qnadfluaerut,
932 566 965 607 ea
980 544 1060 627 qaod
1074 539 1243 624 copularent
1250 536 1380 619 primum

282 672 376 729 nune,
391 652 423 714 in
442 675 498 736 qua
521 653 646 718 dormire
667 663 821 739 cuperant,
838 658 998 740 posteriori
1019 675 1113 731 nuuc,
1135 654 1168 715 in
1189 671 1246 733 qtae
1261 647 1383 711 eneilati

273 762 410 847 suerunt,
426 788 469 860 ¹ue
489 768 517 829 ai
538 789 595 830 nau
610 768 722 851 suntet
744 778 856 850 ternpus
877 770 1011 832 medium.
1058 767 1144 830 Sient
1165 785 1244 844 erpa,
1267 758 1384 824 riniltil

275 874 385 959 finierat
399 876 523 939 medium
537 878 614 941 inter
628 878 681 941 illa
703 879 759 943 dua
781 902 874 957 nune,
897 903 955 942 non
962 879 1073 963 sniaaet
1089 884 1220 958 temptat
1241 874 1296 951 lla,
1312 892 1382 954 ΨΜ

281 1007 339 1047 nan
347 989 550 1071 percipiebant
564 990 697 1069 medium,
713 1013 771 1055 non
778 964 983 1075 percipiebant
999 999 1122 1074 tempus.
1168 988 1220 1050 sie
1234 1007 1303 1067 erpo
1324 1004 1384 1045 nan

275 1098 455 1181 percipimus
470 1108 592 1185 tempus,
608 1104 678 1186 quia
693 1124 751 1167 nan
759 1104 940 1187 percipimur
954 1110 1081 1166 motum:
1104 1122 1192 1183 mam
1206 1106 1303 1160 autem
1310 1116 1383 1178 per·

281 1210 404 1293 mpimua
420 1222 538 1292 matum,
559 1222 588 1277 et
604 1216 828 1279 determinamua
837 1217 927 1299 priua
945 1223 975 1278 et
991 1214 1142 1298 paeteriua
1163 1213 1196 1273 in
1216 1212 1290 1293 ipae,
1313 1215 1385 1269 tune

274 1322 455 1404 pereffluat
469 1330 590 1407 tempus.

324 1434 377 1495 43.
402 1430 507 1510 Quum
530 1444 652 1521 tempus
673 1436 822 1501 habeatur
844 1458 899 1521 per
920 1443 1039 1499 motum
1061 1442 1092 1498 et
1112 1455 1169 1518 per
1189 1439 1308 1495 motum
1330 1450 1382 1491 eo-

281 1552 455 1626 gnoaeatur,
465 1547 603 1631 sequitur
613 1557 735 1632 tempus
745 1571 801 1634 per
812 1557 930 1611 motum
942 1545 1137 1611 determinari
1150 1553 1181 1609 et
1191 1539 1360 1606 mensurari
1373 1564 1381 1603 ε
1411 1560 1415 1565 ·

280 1663 312 1717 et
325 1654 395 1718 ideo
408 1665 529 1741 tempus
544 1681 562 1722 a
576 1658 765 1744 philosophia
787 1658 933 1724 definitur
952 1681 1088 1723 numerus
1108 1665 1204 1721 nmtua
1217 1677 1277 1741 per
1291 1653 1383 1738 priua

282 1773 311 1828 et
319 1770 477 1848 posteriue.
523 1769 630 1833 Motus
654 1779 768 1851 antem,
791 1794 854 1855 quo
871 1780 996 1855 tempus
1021 1776 1224 1848 mensuratur,
1247 1787 1311 1829 nou
1333 1773 1384 1827 eat

283 1876 381 1941 solum
400 1888 503 1943 motus
524 1880 605 1960 solis,
626 1892 680 1945 aut
704 1881 795 1967 primi
812 1882 944 1960 mobilia,
959 1890 999 1947 ut
1018 1880 1136 1965 antiqui
1152 1878 1306 1956 dixerunt,
1328 1874 1383 1939 aed

283 1988 411 2073 quilibet
430 2002 534 2055 motui
554 1993 715 2073 sensibilia,
735 2016 790 2059 aeu
807 1993 930 2059 localia:
951 1992 1022 2057 lieet
1041 1990 1323 2057 commodissimum
1341 1988 1383 2051 ait

283 2110 314 2163 et
330 2122 491 2167 commuue
506 2116 683 2190 computare
704 2116 827 2192 tempua
847 2106 1028 2192 generaliter
1047 2111 1218 2189 permotus
1232 2101 1382 2179 eoelaatea,

282 2236 360 2298 quoa
374 2216 513 2281 novimus
528 2240 594 2282 esee
612 2219 710 2303 magia
724 2219 902 2284 uniformes,
946 2218 1099 2284 Caeterum
1114 2217 1219 2281 unitas
1231 2235 1382 2278 mensurae

281 2327 429 2391 naturalia
444 2338 475 2393 et
489 2330 654 2395 intrinseca
675 2333 823 2418 temporis
837 2332 924 2396 nulla
938 2332 1044 2397 haberi
1059 2338 1169 2415 puteat,
1192 2338 1228 2393 ut
1247 2327 1382 2390 vidimus

281 2460 311 2502 u.
328 2441 366 2501 4]
382 2465 390 2503 :
411 2450 442 2503 et
457 2440 580 2505 evidens
594 2451 643 2506 est
656 2465 719 2507 rem
735 2466 798 2507 uon
814 2467 902 2528 posse
917 2443 1004 2508 aliter
1019 2466 1051 2507 ae
1065 2442 1186 2520 habere,
1202 2438 1380 2526 quinetiam

283 2562 393 2629 motus,
409 2575 471 2637 qno
486 2564 689 2633 mensuratur,
705 2578 767 2619 uon
778 2556 870 2620 habet
881 2556 1049 2620 naturalem
1060 2556 1209 2618 unitatem
1221 2572 1382 2628 meneuroe,

282 2662 359 2727 aient
375 2673 405 2727 et
426 2686 482 2728 uec
496 2665 620 2750 aliquod
635 2668 829 2747 continuum,
851 2668 904 2734 sed
919 2667 1107 2732 arbitrariam
1128 2674 1249 2730 tautum
1263 2670 1293 2727 et
1308 2683 1381 2726 nou-

281 2776 494 2841 veutioualem.
540 2779 750 2844 Mmaurumua
771 2789 878 2859 autent,
900 2780 1001 2864 inquit
1026 2778 1059 2844 S.
1083 2778 1218 2841 'l'homaa
1235 2775 1293 2839 loe.
1317 2774 1381 2852 eit,

279 2896 387 2950 motum
402 2896 537 2971 tempere,
553 2898 581 2953 et
596 2899 708 2974 tempta
721 2901 811 2969 motu,
826 2894 859 2955 in
873 2900 1013 2975 mantum
1027 2892 1249 2956 determinantia
1263 2888 1381 2972 quanti-

281 3007 371 3062 tatem
385 3002 471 3063 unius
488 3023 546 3085 per
560 3005 753 3085 quantitatem
768 3004 901 3067 alteriue.
945 3003 1065 3066 Motum
1086 3004 1162 3065 enim
1183 2995 1382 3063 mensurantur

281 3120 416 3195 tempore,
439 3114 509 3196 qnia
532 3121 652 3197 lempna,
671 3116 826 3179 seeundum
848 3116 881 3178 id
893 3115 973 3198 quad
984 3123 1038 3193 eet,
1061 3122 1105 3178 eat
1118 3134 1253 3176 numum
1266 3118 1380 3173 motus.-

281 3231 393 3307 tempna
407 3227 495 3287 etium
509 3248 715 3307 menauramua,
725 3229 757 3290 in
766 3235 907 3311 quantum
920 3226 1031 3290 aeilieet
1041 3249 1097 3311 per
1111 3226 1305 3309 quantitatem
1319 3244 1380 3285 naa·

280 3342 327 3398 tna
351 3336 434 3399 nolin
459 3320 557 3399 notum
571 3338 801 3403 ¹determinantur
830 3340 1024 3422 quantitatem
1050 3339 1199 3422 temporie.
1244 3336 1381 3399 Dicitana

281 3448 356 3509 enim
371 3448 450 3530 quod
463 3456 575 3531 tempus
589 3458 633 3514 eat
647 3449 779 3526 multum,
802 3452 872 3533 quia
887 3438 992 3527 motai,
1010 3451 1062 3533 qui
1074 3450 1180 3532 faetus
1201 3456 1245 3512 eat
1263 3449 1296 3509 in
1310 3454 1381 3509 tem·

275 3581 359 3644 pare,
375 3568 419 3624 eat
433 3560 541 3623 multus
551 3560 570 3622 :¹
583 3570 611 3625 et
623 3562 676 3625 noe
686 3562 902 3625 rationabiliter
912 3563 1020 3625 uendit
1028 3587 1039 3636 ;
1062 3569 1157 3625 metue
1165 3562 1241 3624 enim
1250 3560 1383 3642 requitur

280 3672 508 3755 mapnitudinem
523 3682 664 3755 quantum
679 3674 719 3736 nd
739 3675 959 3738 continuitatem
979 3682 1008 3738 et
1021 3675 1111 3757 priua
1129 3682 1158 3738 et
1175 3673 1333 3756 posteriue,
1351 3679 1382 3733 et

283 3791 394 3865 tempus
412 3784 548 3847 similiter
565 3794 684 3849 matum.
730 3786 792 3848 Per
817 3787 1044 3870 mapnitualinem
1067 3795 1164 3849 autem
1186 3805 1384 3848 meuaueauua

282 3904 399 3974 motum,
420 3904 449 3960 et
471 3919 486 3959 e
508 3918 665 3971 convenam
688 3897 811 3961 dicimus
827 3900 903 3961 enim
917 3900 997 3981 qnod
1008 3907 1103 3962 metue
1117 3905 1161 3961 eat
1175 3897 1295 3975 multuo,
1311 3898 1381 3978 quia

281 4008 459 4090 mapnituda,
474 4029 566 4091 rupea
581 4030 668 4091 quam
682 4016 725 4072 est
740 4017 844 4087 mutua,
859 4017 903 4072 eat
922 4009 1036 4074 multa.-
1058 4017 1087 4073 et
1108 4010 1244 4071 rimiliter
1258 4008 1383 4071 dicimur

283 4120 362 4203 qnod
373 4120 540 4203 mupnitudo
556 4128 600 4182 est
617 4122 718 4197 multa,
735 4123 805 4203 quia
820 4128 915 4184 motae
928 4143 1018 4205 supra
1040 4121 1270 4205 neapnitudinem
1277 4120 1382 4203 fantur

281 4240 325 4295 est
339 4232 454 4293 neultne.
504 4231 601 4303 Quare
614 4239 643 4294 et
656 4232 792 4295 similiter
806 4234 1028 4297 determinamus
1039 4235 1233 4316 quantitatem
1244 4232 1383 4313 temporie

276 4366 334 4424 per
349 4352 465 4418 motum,
482 4352 510 4404 et
526 4345 719 4423 quantitatem
734 4352 829 4407 motus
844 4368 902 4428 per
917 4354 1038 4427 tempus.
1082 4345 1128 4407 Ex
1152 4345 1201 4407 hie
1214 4343 1313 4406 verbis
1327 4365 1381 4426 ap-
