3200 4984
287 362 354 425 216
593 380 636 423 nr
652 379 856 425 sunsrsuru
871 380 1050 425 conroanr.
1230 360 1315 445 [car.
1333 380 1391 425 111.

289 558 334 615 eet
348 551 380 613 in
394 550 458 615 eius
479 550 628 615 mulcentia
641 552 759 616 statilia
772 551 928 616 diminutio
942 552 1089 617 dammim.
1133 550 1268 615 Additur
1281 549 1394 615 wluin

283 663 410 746 poribus
429 664 599 747 praesertim
621 673 745 748 propter
759 664 1011 729 deformationem
1027 662 1226 729 resultantem
1240 686 1278 727 ex
1291 671 1393 725 muta-

290 774 374 839 tione
389 774 467 838 situs
482 774 711 855 moleculamm,
726 775 764 840 de
778 798 840 861 qna
853 799 953 861 nuper
967 777 1109 840 diximus.
1154 776 1196 840 llt
1210 798 1227 840 e
1241 773 1394 839 contrario

290 908 418 971 corpora
437 895 543 951 contra
563 887 749 973 pressionem
770 910 880 972 parum
900 888 1065 972 reagentia,
1082 888 1240 973 supposita
1260 886 1326 971 pari
1341 885 1393 949 de-

291 998 482 1063 formationis
497 1022 533 1063 ex
555 1000 725 1065 mutatione
748 1001 834 1064 situs‘
846 999 1003 1077 facilitate,
1018 1001 1062 1065 ita
1078 999 1261 1065 constitutas
1280 997 1394 1062 habent

293 1110 467 1191 moleculas,
485 1122 520 1176 ut
541 1112 639 1196 possit
661 1112 748 1177 facile
771 1112 872 1177 minui
892 1112 1043 1177 stabiliter
1063 1124 1168 1177 earnm
1191 1111 1347 1188 diameter,
1362 1117 1393 1173 et

292 1233 380 1287 tanto
395 1224 503 1308 magis,
518 1234 635 1309 quanto
649 1225 752 1289 minus
766 1232 909 1309 reagunt.
1398 1308 1404 1314 ῃ

338 1334 384 1399 Ut
408 1345 512 1408 autem
541 1335 697 1400 moleculae
726 1336 815 1401 facile
843 1337 987 1401 resistam
1017 1334 1219 1407 diminutioni,
1244 1333 1394 1411 diametri,

293 1444 407 1511 debent
432 1470 497 1511 esse
523 1446 671 1511 nucleatae
699 1448 770 1530 (nisi
796 1447 859 1512 sint
882 1447 1038 1513 moleenlae
1062 1447 1150 1511 fluidi
1175 1446 1301 1524 elastici,
1326 1468 1396 1531 quae

295 1568 424 1643 possunt
446 1581 511 1623 esse
534 1558 712 1643 simpliciter
734 1561 913 1643 centratae):
936 1582 1008 1624 nam
1029 1560 1063 1623 in
1086 1558 1235 1623 molecula
1253 1557 1396 1621 nucleata

293 1668 425 1733 habente
448 1679 587 1735 centrum
614 1670 814 1755 repulsivam,
837 1669 981 1735 nucleum
1005 1671 1209 1748 attractirum,
1224 1679 1255 1733 et
1277 1668 1395 1732 involu-

294 1804 380 1846 crum
398 1781 595 1865 repulsivam,
612 1784 638 1845 si
657 1793 783 1867 propter
797 1782 1053 1867 compressionem
1076 1780 1227 1845 elementa
1247 1778 1349 1844 nuclei
1362 1779 1393 1842 Α

297 1893 362 1979 (fig.
381 1896 433 1976 17)
457 1894 705 1979 appropinquent
727 1894 766 1957 ad
789 1903 930 1957 centrum
942 1895 982 1973 R,
1006 1893 1081 1957 dum
1104 1893 1195 1957 etiam
1210 1917 1228 1956 r
1242 1902 1395 1976 coguntur

294 2006 547 2091 appropinquare,
558 2006 743 2069 mutationes
753 2005 968 2072 distantiarum
983 2014 1075 2069 erunt
1089 2006 1122 2069 in
1138 2005 1256 2069 diversa
1269 2005 1395 2083 ratione,

296 2126 326 2181 et
342 2117 464 2181 relative
479 2117 669 2183 diminuetur
689 2118 768 2181 actio
783 2118 893 2181 virium
908 2119 940 2181 Α
955 2127 1099 2181 manente
1113 2118 1231 2182 actione
1245 2116 1342 2180 centri
1355 2118 1394 2195 R,

296 2228 342 2293 vel
357 2228 464 2293 saltem
480 2229 582 2292 minus
596 2228 760 2313 augebitur
774 2230 854 2293 actio
870 2229 981 2293 virium
994 2232 1025 2292 Α
1042 2252 1133 2313 quam
1148 2237 1297 2311 augeatur
1318 2227 1400 2292 aetio

296 2341 392 2405 centri
407 2342 447 2418 R,
463 2363 531 2426 quae
556 2340 664 2404 tendet
688 2341 727 2404 ad
750 2341 980 2405 restaurandam
1006 2341 1198 2405 diametrum.
1243 2340 1355 2418 Immo,
1369 2339 1396 2403 si

297 2452 444 2517 diameter
466 2452 567 2516 nuclei
589 2452 788 2531 diminuatur,
812 2452 917 2536 augeri
940 2452 1030 2517 debet
1053 2452 1199 2517 diameter
1220 2452 1375 2517 moleculae
1385 2478 1397 2530 ;

297 2573 333 2628 ut
348 2563 436 2628 facile
452 2564 657 2628 consideranti
667 2564 795 2648 patebit.

341 2674 424 2739 Hinc
439 2675 530 2739 etiam
547 2674 685 2759 sequitur
707 2674 739 2737 in
754 2674 899 2738 omnibus
915 2674 1093 2760 corporibus
1115 2675 1220 2739 solidis
1234 2674 1399 2739 moleculas

296 2808 361 2851 esse
387 2786 561 2865 nucleatas;
592 2808 678 2855 secus
702 2786 784 2849 enim
808 2786 925 2850 nullam
949 2785 1090 2851 stabilem
1119 2786 1321 2854 resistentiam
1345 2809 1401 2870 op·

297 2911 445 2981 ponerent
468 2898 629 2982 pressiori,
653 2897 815 2962 diminutis
837 2898 991 2962 distantiis
1006 2907 1037 2963 et
1053 2899 1208 2963 diametris
1229 2898 1397 2963 indefinite.

299 3009 385 3075 ldem
416 3008 579 3073 dicendum
610 3009 648 3073 de
675 3009 812 3095 liquidis.
858 3009 967 3074 Fluida
996 3010 1158 3094 expansiva
1181 3010 1246 3074 sola
1269 3020 1399 3095 possunt

297 3132 435 3186 constare
457 3120 615 3185 moleculis
639 3121 816 3205 simpliciter
841 3122 1004 3202 centratis3
1028 3122 1081 3186 sed
1103 3122 1205 3207 aliqua
1225 3122 1318 3186 etiam
1340 3145 1400 3186 nu·

298 3233 401 3297 cleatis
416 3242 568 3312 constant,
584 3241 620 3297 ut
636 3232 751 3297 dictum
768 3242 815 3297 est
831 3256 864 3296 n.
880 3237 933 3297 90.

344 3346 418 3408 124.
440 3344 619 3409 Elustieitas
637 3346 799 3409 tractionis.
847 3344 923 3409 Haec
944 3344 1108 3409 elasticitas
1126 3345 1270 3410 definitur
1288 3342 1333 3411 v'is
1354 3355 1402 3410 at-

300 3455 426 3519 tractiva
447 3455 529 3520 inter
544 3456 723 3519 moleculam
738 3466 768 3519 et
787 3456 968 3521 moleculam
990 3460 1153 3522 ectmaseco
1169 3462 1312 3523 tructione
1327 3482 1402 3543 pro-

298 3575 411 3645 vocatu,
442 3577 473 3631 et
502 3567 631 3631 tendens
667 3567 705 3631 ad
734 3568 964 3632 restaurandam
997 3570 1130 3653 corporis
1162 3569 1401 3653 longitudinem.

301 3678 406 3741 Huius
428 3677 600 3763 exemplum
621 3679 709 3742 offert
730 3680 783 3763 fig.
802 3682 854 3759 17,
870 3680 897 3743 si
916 3692 1130 3765 supponantur
1150 3681 1301 3746 elementa
1315 3683 1346 3745 Α
1369 3692 1401 3746 et
1429 3743 1432 3748 .

300 3785 340 3852 A'
354 3788 456 3853 nuclei
478 3811 542 3852 non
557 3789 656 3853 solum
673 3789 746 3853 satis
768 3790 888 3861 intensa
903 3800 939 3855 ut
952 3792 1118 3861 *moleculae
1132 3815 1196 3857 non
1211 3793 1273 3857 sint
1288 3816 1402 3879 expan·
1430 3800 1434 3808 ’

301 3900 381 3981 sivae,
406 3900 459 3964 sed
487 3900 531 3973 ita
554 3901 683 3979 intensa,
708 3910 754 3980 ut,
778 3903 870 3966 etiam
897 3903 1055 3968 recedente
1081 3926 1143 3970 una
1168 3928 1205 3969 ex
1233 3905 1401 3986 moleculis,

301 4035 328 4076 v.
354 4036 400 4097 gr.
424 4012 574 4079 molecula
596 4008 725 4093 R'AEr,
753 4013 944 4079 involucrum
973 4014 1161 4099 repulsivam
1188 4016 1313 4080 alterius
1338 4039 1400 4080 non

301 4126 397 4208 possit
426 4124 560 4188 multum
589 4124 709 4189 dilatari
739 4147 775 4189 ex
805 4111 927 4191 defectu
956 4128 1138 4211 repulsionis
1166 4127 1291 4192 alterius
1320 4151 1402 4206 rme-

302 4235 421 4313 dentis;
452 4236 533 4300 unde
557 4235 670 4300 debent
694 4238 769 4321 poni
798 4237 900 4303 nuclei
929 4239 1027 4303 multo
1056 4240 1198 4304 fortiores
1227 4240 1402 4305 involucris.

302 4346 398 4423 Tunc,
410 4348 435 4409 si
451 4348 588 4411 trahatur
600 4371 720 4432 corpus,
731 4359 762 4413 et
778 4350 933 4415 moleculae
948 4352 980 4415 in
996 4374 1093 4416 unum
1109 4374 1234 4418 sensum
1249 4354 1403 4433 recedant,
