3200 4984
290 366 334 429 94
606 387 648 430 nn
665 386 866 432 suusrsurrs
883 386 1067 431 consonas.
1271 366 1357 451 [cur.
1375 386 1399 427 1.

289 551 467 639 syllogismo
482 553 578 618 maior
592 561 640 617 est
654 561 745 633 certa
763 562 795 618 et
815 552 984 619 admittunt
999 572 1065 618 eam
1081 552 1253 633 adversarii,
1269 574 1401 637 eamque

288 664 428 749 pluribus
440 664 546 730 solidis
556 664 728 730 rationibus
739 664 961 731 demonstrant.
993 666 1101 731 Minor
1114 674 1217 731 autem
1233 665 1272 730 ab
1288 664 1399 730 iisdem

288 784 431 861 negatur,
447 798 534 841 secus
556 785 657 840 rueret
679 775 862 840 continuum
884 776 1038 843 materiaec
1061 800 1118 842 nos
1139 787 1245 842 autem
1267 800 1335 842 eam
1355 778 1401 841 sic

289 887 464 973 probamus.
509 888 629 954 Puncta
651 888 685 952 in
706 887 853 954 continuo
872 897 945 953 sunt
968 888 1027 953 sibi
1048 889 1245 955 immediata:
1269 912 1343 975 ergo
1365 890 1400 953 in

288 1000 436 1066 continuo
456 1008 529 1064 sunt
551 999 615 1064 sola
632 1006 748 1085 puncta
757 1025 768 1079 3
791 1008 823 1064 et
837 998 905 1064 ideo
920 1000 1102 1065 continuum
1118 1000 1261 1079 materiae,
1279 1000 1305 1064 si
1319 1000 1399 1065 exis-

288 1120 377 1192 teret,
400 1133 464 1177 non
483 1118 716 1196 componeretur
740 1110 800 1175 nisi
825 1132 862 1175 cx
889 1110 962 1176 solis
988 1111 1123 1196 punctis.
1169 1110 1401 1197 Consequentia

288 1232 392 1309 patet3
414 1245 487 1288 nam
509 1223 535 1287 si
556 1232 674 1307 puncta
695 1230 768 1287 sunt
790 1221 851 1286 sibi
872 1221 1058 1303 immediata,
1074 1244 1139 1287 non
1154 1222 1326 1288 admittunt
1341 1223 1398 1288 ali-

288 1332 365 1419 quid
393 1332 478 1399 aliud
506 1332 540 1398 in
568 1332 678 1398 medio.
722 1332 917 1398 Antecedeus
941 1356 1011 1399 vero
1040 1335 1196 1420 probatur.
1243 1335 1327 1401 Nam
1357 1337 1399 1400 sit

288 1445 400 1531 globus
421 1445 586 1511 continuus
607 1453 639 1510 et
660 1442 788 1529 planum
810 1444 1003 1510 continuum.
1049 1446 1167 1511 Globus
1189 1469 1253 1511 non
1283 1448 1399 1532 poterit

289 1566 416 1643 tangere
436 1556 575 1642 planum,
600 1554 662 1620 nisi
683 1554 717 1619 iu
739 1554 831 1619 unico
853 1564 979 1641 puncto.
1025 1557 1123 1642 Atqui
1146 1558 1265 1623 situlis
1286 1559 1399 1643 globus

289 1678 408 1735 'rotetur
422 1691 515 1755 super
528 1667 607 1732 illud
627 1666 765 1753 planum,
781 1675 880 1732 totam
901 1667 968 1732 eius
989 1668 1198 1735 extensionem
1221 1680 1378 1755 percurret
1387 1697 1398 1749 ;

287 1802 360 1865 ergo
374 1780 408 1846 in
422 1780 514 1866 plano
527 1779 675 1844 continuo
689 1800 753 1843 non
768 1787 842 1844 sunt
857 1778 918 1844 nisi
933 1789 1048 1864 puncta
1062 1780 1240 1845 immediata
1252 1782 1311 1846 ribi
1327 1805 1395 1847 suc-

287 1891 435 1956 cedentia.
479 1891 586 1956 Minor
614 1899 700 1975 patet
721 1890 841 1955 ratione
862 1898 893 1955 et
915 1891 1119 1975 experientia:
1144 1874 1302 1958 ¹maiorem
1325 1912 1397 1960 vcro

288 2002 420 2088 probant
435 2001 662 2068 mathematici:
685 2002 758 2087 quia
772 2000 885 2086 globus
900 2011 931 2066 et
945 2001 1073 2087 planum
1089 2002 1121 2067 in
1137 2025 1174 2069 co
1196 2027 1229 2069 se
1248 2014 1396 2089 tangunt,

287 2117 321 2180 in
346 2136 409 2201 quo
431 2114 719 2201 proportionantur:
750 2112 805 2178 sed
829 2095 893 2178 uon
923 2114 1195 2199 proportionantur
1225 2117 1395 2182 secundum

288 2227 422 2313 'aliquam
444 2237 581 2314 partem3
604 2227 704 2292 omnis
726 2227 808 2291 enim
831 2249 901 2311 pars
923 2228 1050 2311 perlecti
1071 2227 1157 2312 plani
1179 2237 1226 2293 est
1246 2229 1348 2314 plana,
1364 2240 1396 2295 et

288 2340 389 2406 omnis
403 2363 474 2426 pars
491 2339 618 2425 perfecti
638 2337 724 2423 globi
744 2345 791 2401 est
811 2358 924 2403 curva:
947 2360 1077 2403 curvum
1094 2347 1199 2403 autem
1216 2348 1248 2405 et
1265 2342 1396 2426 planum

288 2474 351 2515 non
367 2451 646 2536 proportionantur.
689 2449 773 2534 Ilrgo
787 2448 859 2513 talis
874 2457 1033 2514 contactus
1048 2472 1112 2514 non
1126 2451 1162 2515 fit
1176 2451 1211 2514 in
1226 2460 1324 2536 parte,
1341 2454 1396 2518 sed

288 2564 321 2626 in
335 2561 522 2626 indivisibili.
568 2560 650 2637 Quia
679 2582 753 2644 ergo
781 2582 837 2645 per
864 2568 981 2644 puncta
1009 2560 1077 2625 baec
1102 2561 1301 2632 indivisibilia
1324 2588 1395 2650 pcr-

287 2675 421 2739 curritur
439 2671 568 2757 plannm
584 2670 777 2749 continuum,
793 2670 935 2755 sequitur
949 2671 1131 2736 continuum
1146 2695 1210 2737 non
1225 2675 1395 2755 continere,

284 2784 350 2848 nisi
374 2792 490 2867 puncta
515 2781 573 2845 sibi
598 2780 773 2845 immediate
795 2780 999 2845 succedentia.
1054 2781 1096 2846 Et
1116 2783 1169 2862 sic,
1191 2785 1264 2869 quia
1287 2808 1395 2851 omnes

288 2893 458 2959 admittunt
472 2914 508 2956 ex
525 2892 599 2955 solis
612 2891 737 2976 punctis
756 2912 820 2955 non
838 2874 927 2977 posse
947 2894 1090 2977 componi
1104 2896 1299 2977 continuum,
1321 2921 1395 2963 con·

288 3005 412 3068 tinunm
426 3003 563 3068 materiae
576 3002 635 3065 erit
649 3002 814 3065 intrinsece
828 3001 1027 3087 impossibile.

332 3114 450 3191 Quarto
471 3113 654 3177 continuum
676 3112 831 3177 materiale
852 3122 899 3177 est
921 3136 976 3177 ens
999 3116 1289 3199 contradictorium
1320 3143 1395 3205 crgo

288 3234 335 3290 est
348 3223 546 3309 impossibile.
576 3222 668 3288 Prob.
684 3232 748 3287 ant.
778 3224 816 3287 ln
833 3223 979 3288 continuo
994 3226 1144 3290 materiali
1159 3230 1263 3293 omnia
1278 3242 1395 3315 puncta

289 3335 490 3419 designabilia
512 3332 625 3399 debent
650 3356 716 3398 esse
740 3334 774 3397 in
799 3343 944 3399 contactu
970 3337 1149 3402 successivo.
1195 3341 1294 3425 Atqui
1319 3365 1393 3407 cou-

286 3455 386 3511 tuctus
400 3454 585 3531 punctorum
599 3444 787 3509 successivus
801 3453 850 3509 cst
864 3445 1128 3511 contradictorius.
1160 3449 1255 3535 Ergo.
1291 3453 1395 3519 Maior

286 3557 414 3623 resultat
437 3579 474 3621 ex
497 3556 621 3619 notione
644 3554 793 3620 continui.
840 3555 875 3619 Si
899 3555 982 3618 enim
1005 3578 1068 3621 non
1089 3558 1130 3622 sit
1145 3568 1317 3643 contactus,
1334 3566 1394 3630 erit

286 3670 470 3753 interruptio
493 3666 716 3745 continuitatis,
740 3676 772 3730 et
798 3664 825 3729 si
850 3673 1008 3731 contactus
1034 3682 1098 3732 non
1124 3670 1165 3735 sit
1192 3678 1393 3757 successivus,

285 3781 319 3845 id
332 3790 379 3845 est
393 3780 487 3844 nnius
501 3788 584 3843 extra
598 3777 702 3857 alium,
714 3799 777 3841 non
785 3776 950 3841 habebitur
964 3778 1099 3843 extensio
1114 3784 1268 3850 continui.
1298 3787 1391 3854 Prob.

286 3892 362 3956 min.
408 3890 576 3955 Contactus
590 3888 698 3973 puncti
711 3909 783 3951 cum
806 3900 922 3972 puncto
944 3897 991 3951 cst
1013 3898 1174 3956 contactus
1196 3894 1393 3964 indivisibilis

284 4026 355 4067 cum
378 4000 554 4066 indivisibili
565 4026 575 4077 3
605 3998 688 4062 unde
713 3998 821 4082 nequit
847 4020 912 4061 esse
937 3998 1085 4082 partialis,
1110 4003 1165 4067 sed
1188 4027 1225 4069 ex
1249 4007 1394 4076 absoluta

284 4112 464 4177 necessitate
492 4111 550 4174 erit
578 4109 693 4173 totalis.
754 4108 932 4173 Secundum
961 4130 1034 4193 crgo
1048 4096 1051 4101 Δ
1064 4121 1215 4194 punctum
1255 4121 1393 4187 totaliter

284 4230 416 4308 ponetur
437 4220 470 4283 in
492 4219 592 4303 primo
611 4240 667 4302 per
685 4225 860 4282 contactum
878 4241 948 4283 cum
963 4216 1088 4303 primo:
1112 4226 1239 4291 tertium
1255 4232 1393 4299 totaliter

284 4330 497 4396 absorbebitur
519 4330 552 4391 in
576 4329 711 4392 secundo
740 4337 771 4392 et
784 4338 1014 4412 >consequenter
1036 4330 1068 4394 in
1091 4334 1211 4416 primo:
1244 4352 1392 4424 quartum
