3200 4984
208 371 279 415 oar.
297 348 368 433 ιιι.]
578 364 759 415 nanninus
775 368 974 425 conamina
1250 350 1316 412 317
1408 397 1411 401 ⁴

210 536 368 621 quiescens
383 533 500 597 nullam
515 534 761 598 connotationem
777 532 1010 601 successivitatis
1023 532 1177 616 importat.
1224 529 1316 597 Unde

211 646 270 711 dici
290 654 403 732 posset,
424 645 507 729 quod
526 645 608 711 idem
626 645 748 711 realiter
770 646 901 725 instans,
921 651 1022 709 otest
1042 642 1159 729 aliquid
1181 645 1316 728 corporis

211 758 297 837 moti,
311 756 404 822 babet
422 758 571 821 rationem
589 757 736 843 temporis
755 756 955 835 infinitesimi,
970 764 1007 819 ut
1024 764 1126 820 autem
1145 755 1315 840 coneipitur

211 892 276 935 esse
296 867 413 955 aliquid
435 868 569 954 corporis
593 868 730 933 absolute
753 868 947 955 quiescentis,
969 866 1062 932 babet
1085 866 1235 931 rationem
1254 875 1315 931 ter·

211 982 288 1045 mini
301 980 505 1060 indivisibilis,
520 1002 581 1067 quo
596 982 777 1046 terminatus
791 991 839 1045 est
854 989 956 1044 motus
970 979 1052 1043 illius
1068 979 1210 1063 corporis.

255 1092 348 1170 Quod
362 1092 473 1157 attinet
492 1092 532 1157 ad
550 1092 744 1159 inflexionem
766 1092 941 1158 directionis
960 1090 994 1155 in
1013 1099 1110 1170 motu,
1126 1090 1203 1154 nihil
1219 1093 1316 1177 speci-

212 1204 300 1270 aliter
314 1211 361 1269 est
376 1203 561 1283 addendum,
576 1205 646 1285 nisi,
661 1204 745 1291 quod
764 1204 888 1289 quando
909 1203 1034 1267 directio
1053 1202 1230 1283 inflectitur,
1250 1204 1314 1271 baec

212 1318 335 1382 inflexio
349 1317 384 1382 fit
396 1338 450 1403 per
464 1316 593 1402 angulos
606 1316 821 1381 infinitesimoa
836 1316 916 1380 sicut
930 1315 1069 1380 alteratio
1080 1314 1247 1379 velocitatis
1260 1338 1315 1400 per

212 1430 326 1515 gradus
354 1430 586 1494 infinitesimos:
613 1437 644 1493 et
669 1429 770 1493 sicin
796 1428 881 1493 onrni
907 1436 994 1491 motu
1017 1426 1106 1491 locali
1133 1426 1255 1491 inflexio
1279 1427 1315 1491 fit

212 1541 381 1607 secundum
401 1541 566 1627 quamdam
588 1540 689 1625 legem
720 1540 932 1605 continuitatis
955 1538 1171 1618 inviolabilem,
1194 1540 1233 1604 de
1255 1562 1316 1625 qua

212 1654 301 1739 plura
331 1653 483 1739 sapienter
512 1651 633 1719 disserst
657 1654 692 1718 P.
717 1652 884 1719 Bosoovicb
914 1652 1028 1738 passim
1051 1651 1084 1715 in
1108 1674 1163 1716 sua
1191 1653 1315 1720 imma

207 1766 400 1851 philosophice
413 1765 569 1846 nataralia,
584 1788 676 1851 quam
691 1764 760 1829 vide
777 1767 868 1850 (part.
884 1764 911 1830 Ι.
927 1786 956 1827 ιι.
975 1764 1105 1847 13-63).

257 1878 310 1941 82.
327 1876 481 1953 Quaeritur
496 1876 636 1961 septimo,
653 1878 726 1961 qnid
736 1878 777 1941 eit
791 1885 887 1941 motae
900 1877 1041 1939 amiotus.

257 1986 448 2071 Respondeo,
463 2009 528 2051 esse
543 1985 641 2067 illum,
657 1986 744 2051 ouius
759 1985 902 2051 velocitas
921 1986 1051 2070 singulis
1065 1986 1229 2051 momentis
1243 2009 1315 2051 con·

214 2097 357 2162 secutivis
376 2105 423 2162 est
440 2098 567 2161 diversa.
612 2096 668 2161 Est
691 2106 795 2162 autem
819 2098 941 2182 duplex,
958 2097 1055 2164 idest
1073 2098 1121 2164 vel
1141 2099 1317 2163 recolemus

215 2208 263 2273 ,vel
277 2210 462 2273 retardatae:
486 2218 518 2273 et
538 2217 666 2294 uterque
680 2208 727 2275 vel
744 2210 932 2292 amfformiter
949 2208 1130 2274 acceleratus
1149 2218 1203 2272 aut
1222 2218 1316 2273 retar-

214 2319 317 2402 datus,
340 2321 387 2385 vel
409 2344 468 2384 non
491 2319 686 2404 uniformiter,
716 2328 807 2404 prout
835 2320 1024 2405 incrementa
1046 2329 1100 2385 aut
1126 2320 1317 2385 decrementa

215 2433 383 2500 velocitatis
398 2442 471 2497 sunt
487 2431 616 2515 singulis
631 2431 831 2517 tempusculis
846 2432 1021 2499 successivis
1035 2432 1202 2517 aequalibue
1215 2455 1316 2518 aequa·

216 2546 258 2610 lia
279 2546 326 2611 vel
347 2544 526 2632 inaequalia:
550 2544 587 2608 de
602 2544 714 2629 quibus
728 2544 872 2610 omnibus
887 2544 1011 2611 consule
1024 2544 1225 2609 mechanicos.
1258 2545 1317 2610 Hic

215 2655 346 2719 sufficiat
374 2664 480 2719 notare
509 2656 699 2740 generaliter,
729 2655 823 2741 quod,
846 2656 872 2720 si
893 2670 963 2741 post
984 2655 1138 2742 quoddam
1160 2665 1318 2740 tempust

216 2767 357 2833 velocitas
387 2777 488 2833 motus
518 2769 559 2833 sit
583 2792 613 2847 a,
643 2779 846 2853 angmentum
873 2768 1039 2834 velocitatis
1056 2769 1260 2854 tempuscula
1285 2770 1318 2833 dt

217 2878 402 2965 acquisitum
428 2879 619 2944 exhibebitur
642 2902 697 2965 per
719 2881 776 2945 dc:
800 2880 826 2943 ai
849 2889 952 2944 autem
972 2880 1017 2944 vis
1034 2880 1235 2960 acceleratrix,
1250 2903 1318 2965 quae

217 2991 421 3055 communicat
440 2990 498 3055 hoc
517 3000 718 3076 augmentum
737 2990 914 3071 velocitatis,
934 2991 1045 3055 habeat
1063 2992 1271 3059 intensitatem
1291 3016 1318 3072 a,

218 3102 282 3167 baeo
296 3103 343 3167 vis
361 3103 395 3167 in
415 3103 606 3188 tempuscnlo
624 3104 657 3168 dt
676 3103 823 3189 producet
842 3113 1044 3189 augmentum
1065 3104 1232 3172 velocitatis
1249 3106 1300 3170 adt
1309 3130 1318 3183 3

219 3214 278 3277 erit
292 3235 365 3298 ergo
380 3214 521 3294 do=vdt,
535 3214 569 3280 id
583 3222 629 3278 est

619 3328 659 3391 da
815 3326 868 3392 d⁸a

618 3415 658 3492 ὦ
671 3402 734 3456 =o,
751 3402 860 3493 ⁸⁸udt²
880 3402 944 3457 -o,

219 3572 254 3627 ut
268 3562 355 3627 facile
370 3560 530 3627 deducitur
544 3585 581 3627 ex
596 3586 682 3629 num.
701 3564 899 3649 praecedente,
920 3564 1163 3643 differentiando,
1178 3574 1210 3629 et
1223 3565 1320 3630 elimi-

220 3673 323 3738 nando
335 3675 384 3740 du.
415 3675 518 3759 Atque
532 3674 580 3739 bae
594 3685 668 3740 sunt
682 3674 928 3741 fundamentales
942 3675 1109 3761 dynamicae
1123 3677 1320 3762 aequationes.

263 3786 316 3847 83.
341 3782 497 3860 Quaeritu'r
516 3793 630 3863 octavo,
650 3794 749 3849 utrem
769 3788 922 3869 quantitas
941 3788 1114 3851 venationis
1127 3789 1160 3850 ia
1173 3796 1253 3851 motu
1270 3810 1320 3851 ea.

219 3905 323 3980 carpat
336 3918 374 3959 ea
387 3918 499 3960 camma
514 3899 659 3961 actionum
674 3898 862 3961 altercantium
875 3905 993 3960 neotum.

264 4007 446 4093 Respondeo
471 4008 658 4088 affirmative,
680 4008 706 4072 si
726 4017 835 4092 agatur
858 4009 896 4071 de
919 4018 1007 4073 motu
1031 4010 1195 4091 rectilineo,
1216 4021 1246 4075 et
1265 4035 1322 4078 vox

220 4140 331 4183 summo
346 4129 484 4183 sumatur
498 4119 656 4203 algebrioe.
703 4118 736 4182 Si
751 4141 821 4183 vero
836 4128 938 4183 motus
952 4120 1091 4186 deflectat
1105 4122 1218 4186 alinea
1230 4132 1323 4202 recta,
1384 4204 1389 4209 Δ

220 4230 377 4315 quantitas
393 4229 565 4294 variationis
580 4252 643 4294 non
652 4229 709 4294 erit
721 4252 842 4294 summa
849 4230 1013 4310 actionum,
1023 4232 1075 4296 sed
1086 4254 1142 4317 pro
1153 4234 1322 4317 quantitate

221 4342 392 4407 inflexionis
413 4341 572 4407 resultabit
591 4342 763 4407 secundum
783 4342 873 4409 aliam
888 4342 987 4427 legem
1001 4366 1036 4407 ex
1051 4343 1126 4429 ipsis
1139 4344 1321 4411 actionibus.
