3200 4984
278 361 321 424 14
692 379 736 424 ns
753 380 940 427 rsrscrrrrs
1239 360 1324 444 [css.
1341 379 1380 422 11.

277 548 361 636 quod
381 548 512 614 relertur
532 547 721 616 excludendo
738 549 827 614 illud.
873 548 945 612 Hoc
964 556 1068 612 autem
1081 564 1141 611 aon
1155 569 1206 611 ersa
1220 546 1380 611 relativum
1406 567 1411 574 ·

277 683 340 726 non
355 659 424 725 ideo
435 659 548 726 dicitur
562 659 734 740 relativum,
746 660 836 746 quasi
850 660 890 726 sit
905 660 1008 746 aliqua
1018 658 1124 724 relatio
1134 659 1285 743 negativa,
1297 657 1382 743 quod

277 781 324 837 est
338 771 546 858 impossibilc3
569 794 667 858 quum
681 771 789 836 relatio
804 771 851 837 rel
866 770 975 836 saltem
986 770 1176 835 referibilitas
1187 793 1251 835 non
1260 770 1382 834 realiter

277 883 488 969 distinguatur
505 906 524 948 a
542 905 597 948 suo
616 882 829 963 fundamento,
844 891 881 946 ut
900 890 947 947 est
962 881 1061 946 verior
1078 881 1229 946 sententia
1237 905 1248 960 3
1269 880 1380 945 funda·

276 1003 419 1063 mentum
448 1003 553 1059 autem
582 994 740 1060 relationis
768 1001 900 1079 nequeat
929 1015 995 1057 esse
1023 992 1084 1057 nisi
1112 992 1296 1078 positivum:
1326 992 1380 1063 sed

277 1107 391 1176 dicitur
409 1128 474 1170 nou
492 1128 548 1170 ens
563 1105 735 1184 relativum,
750 1104 823 1190 quia
836 1114 884 1169 est
898 1104 1049 1170 terminus
1064 1103 1219 1168 relationis
1232 1103 1380 1189 positiva,

257 1219 348 1284 'licet
373 1219 438 1304 ipse
463 1217 614 1282 terminus
639 1217 765 1282 sitnon
789 1239 855 1281 ens.
899 1217 967 1281 Nec
991 1216 1050 1280 hoc
1075 1224 1122 1280 est
1147 1215 1278 1282 mirum:
1309 1215 1380 1280 lieet

276 1330 359 1395 enim
370 1356 380 1410 3
411 1330 534 1415 quando
563 1329 667 1414 agitur
697 1328 735 1393 de
763 1329 910 1394 relatione
937 1326 1050 1393 actuali
1078 1327 1161 1406 reali,
1188 1349 1310 1392 necesse
1338 1327 1379 1392 sit

276 1441 388 1510 habere
409 1450 578 1525 utrumque
599 1440 765 1505 terminum
788 1440 910 1519 realem,
927 1440 978 1504 hic
1000 1448 1103 1504 tamen
1122 1461 1185 1503 non
1202 1438 1305 1523 agitur
1318 1439 1379 1503 nisi

278 1553 315 1616 de
329 1552 476 1617 relatione
490 1549 613 1616 virtuali
627 1551 755 1615 rationis
774 1551 855 1614 inter
875 1550 937 1614 duo
954 1551 1116 1628 abstracta,
1131 1560 1163 1615 et
1180 1550 1248 1615 ideo
1268 1551 1379 1615 sufficit

276 1672 313 1728 ut
334 1663 397 1728 duo
416 1662 541 1727 termini
561 1661 623 1726 sint
644 1661 843 1747 assignahiles
863 1685 918 1747 per
936 1671 1092 1728 mentem:
1115 1662 1174 1726 hoc
1190 1670 1293 1726 autem
1313 1662 1379 1726 fieri

277 1783 390 1860 potest,
406 1773 526 1838 etiamsi
548 1795 647 1838 unum
670 1796 707 1838 ex
727 1773 789 1838 illis
812 1775 938 1838 sitnon
959 1796 1033 1852 ens;
1054 1796 1091 1841 eo
1113 1773 1179 1858 ipso
1196 1774 1277 1838 enim
1296 1773 1379 1858 quod

277 1885 449 1970 concipitur
462 1892 620 1968 tamquam
635 1885 772 1969 potentia
787 1885 920 1964 essendi,
933 1885 1036 1970 ipsum
1049 1906 1114 1948 non
1128 1907 1184 1949 ens
1197 1885 1326 1949 refertur
1340 1885 1380 1948 ad

277 2016 342 2060 ens.
389 1995 491 2059 Immo
506 1994 625 2058 etiamsi
641 1995 702 2058 duo
717 1995 842 2060 termini
856 2004 958 2060 essent
972 2019 1035 2060 non
1050 1996 1142 2077 entia,
1159 1996 1258 2061 adhue
1272 1996 1378 2060 relatio

277 2105 420 2170 mentalis
433 2114 513 2172 esset
528 2105 698 2191 possibilis:
721 2106 882 2171 referimus
899 2107 983 2171 enim
1003 2093 1200 2190 negationem
1220 2107 1259 2171 ad
1278 2108 1377 2192 priva·

276 2218 392 2283 tionem
407 2227 439 2283 et
452 2217 517 2284 vice
531 2240 627 2298 versa,
646 2219 898 2304 quotiescumque
919 2217 1045 2282 alteram
1066 2241 1138 2282 cum
1160 2217 1255 2282 altera
1275 2228 1378 2284 mente

193 2329 196 2338 ’
277 2353 498 2416 comparamus.
543 2328 640 2394 Nulla
661 2330 765 2414 itaque
787 2337 834 2394 est
857 2328 1019 2409 difficultas
1041 2328 1074 2392 in
1088 2328 1280 2393 admittendo
1294 2329 1378 2415 quod

277 2464 341 2506 non
356 2465 410 2506 ens
425 2442 465 2506 sit
480 2441 631 2506 terminus
645 2440 802 2530 relationis
817 2462 835 2504 a
850 2447 953 2504 mente
967 2438 1128 2504 institutae.
1167 2438 1259 2528 Quod
1273 2448 1377 2504 autem

184 2545 185 2550 ἵ
277 2553 389 2618 attinet
406 2552 446 2618 ad
464 2574 528 2616 non
546 2573 600 2616 ens
621 2551 770 2635 privative
791 2550 1029 2631 consideratum,
1045 2528 1211 2616 edendum
1226 2561 1273 2616 est
1294 2553 1378 2637 quod

277 2663 406 2747 privatio
423 2661 542 2727 deliniri
557 2661 633 2728 solet
648 2661 782 2728 canentia
797 2671 884 2729 actus
898 2663 932 2729 iu
947 2661 1083 2727 subiecto
1098 2671 1181 2746 apto.
1227 2662 1289 2727 Sed
1304 2663 1377 2728 defi.

278 2774 356 2838 nitio
378 2774 443 2838 haec
465 2773 599 2857 pertinet
621 2772 660 2837 ad
677 2773 878 2858 privationem
899 2773 1066 2860 physicam,
1082 2782 1118 2837 ut
1143 2796 1241 2859 quum
1266 2773 1379 2840 dicitur

277 2907 346 2950 cera
367 2906 433 2950 ease
455 2905 526 2948 oum
548 2882 716 2966 privatione
737 2884 846 2968 figure
867 2884 1050 2970 cylindricae‚
1072 2884 1121 2949 vel
1146 2907 1280 2950 marmor
1307 2909 1378 2951 cum

275 2993 445 3080 privatione
467 2993 572 3061 formae
595 3001 703 3060 statuae
713 3019 724 3073 ς
747 2996 896 3079 supponit
917 2995 1000 3060 enim
1021 2995 1086 3060 haec
1106 2995 1243 3061 definitio
1260 2998 1377 3064 subiec-

275 3115 353 3186 tum,
369 3114 400 3170 et
416 3104 540 3191 quidem
556 3111 674 3188 aptum,
689 3106 773 3190 quod
787 3092 896 3190 nequit
915 3104 1055 3184 inveniri,
1071 3106 1192 3191 proprie
1213 3106 1376 3197 loquendo,

170 3235 176 3246 ¹
274 3217 336 3286 nisi
360 3215 510 3284 inachus
534 3214 680 3301 physicis.
727 3216 761 3282 Si
784 3223 889 3281 tamen
912 3237 969 3284 vox
994 3218 1155 3282 adiectum
1180 3227 1319 3285 sumatur
1343 3220 1377 3283 in

275 3351 369 3396 sensu
396 3327 529 3415 quodam
558 3327 659 3393 latiori
688 3336 720 3393 et
750 3327 916 3412 analogice,
939 3327 1046 3394 eadem
1069 3327 1207 3395 definitio
1232 3330 1381 3416 applicari·

274 3438 387 3525 poterit
409 3437 470 3522 ipsi
492 3437 627 3504 materia
651 3438 767 3523 primae,
792 3461 860 3522 quae
883 3437 962 3505 nihil
986 3438 1070 3505 aliud
1095 3447 1142 3505 est
1165 3439 1226 3507 nisi
1247 3441 1377 3525 privatio

276 3558 363 3618 actua
380 3547 532 3618 eutitativi
551 3546 585 3614 in
608 3547 716 3633 seipsa,
730 3571 828 3633 quum
844 3549 937 3622 simul
952 3549 992 3618 ait
1006 3558 1078 3633 apta
1092 3549 1132 3615 ad
1144 3552 1309 3618 essendum
1322 3576 1383 3639 per·

276 3660 369 3728 talem
387 3668 500 3728 actum.
545 3659 633 3748 Tunc
654 3659 787 3728 nihilum
810 3660 986 3726 absolutum
1007 3669 1093 3727 tenet
1114 3661 1217 3730 locum
1239 3663 1377 3744 subiecti,

275 3771 383 3840 relatio
398 3770 445 3839 vel
459 3769 609 3840 habitudo
630 3793 725 3857 quam
747 3770 877 3855 acquirit
897 3753 953 3856 per
974 3772 1181 3855 operationem
1203 3776 1316 3843 mentis
1338 3777 1378 3844 ad

276 3906 352 3963 csse,
368 3903 430 3967 quo
447 3889 538 3960 caret,
553 3887 638 3948 tenet
653 3880 754 3972 locum
770 3881 953 3968 aptitudinis
967 3881 1007 3949 ad
1021 3892 1145 3950 actum:
1167 3906 1260 3970 quem
1273 3896 1379 3956 actum

275 3995 348 4082 quia
371 3991 549 4062 nonhabet
571 3991 671 4056 adhuc
693 3991 727 4067 in
749 4013 785 4060 eo
808 4000 902 4071 statu,
917 3992 986 4058 ideo
1003 4000 1050 4056 est
1064 4016 1135 4063 vera
1151 3995 1290 4080 privatio.
1335 3999 1378 4067 ut

275 4107 334 4175 hoc
357 4103 448 4172 modo
472 4110 558 4187 patet
581 4101 740 4172 materiam
762 4102 893 4186 primam
916 4125 983 4170 esse
1011 4103 1212 4189 privationem
1241 4115 1273 4172 et
1297 4109 1377 4174 nihil

275 4225 430 4304 practerea.
463 4212 595 4304 ,Relatio
617 4221 720 4279 autem
742 4211 818 4294 haec,
833 4237 902 4300 quae
916 4221 963 4285 eat
977 4213 1059 4286 iuter
1072 4216 1231 4285 materiam
1246 4220 1377 4303 primam

275 4337 307 4396 et
323 4351 410 4395 suam
424 4326 565 4404 formam,
579 4331 627 4392 est
642 4347 712 4409 quae
725 4326 908 4410 generaliter
922 4326 1094 4396 verificatur
1108 4327 1189 4397 inter
1207 4333 1376 4415 potentiam
