3200 4984
191 409 261 454 aar.
280 393 335 476 ru]
568 411 686 456 anuum
703 411 933 455 unruusmuu.
1249 393 1290 454 21

188 569 277 633 realis
292 569 431 650 cessabit,
442 580 472 634 et
487 571 622 636 manebit
637 580 759 636 tantum
774 570 960 656 possibilitas
975 569 1110 634 eiusdem
1122 569 1290 634 extrinseca

187 679 234 744 vel
254 681 430 765 potentialis
450 691 481 746 et
501 685 630 767 passiva.
674 683 722 747 Ex
741 683 854 768 quibus
874 681 1039 766 colligitur,
1055 681 1286 766 possibilitatem

188 791 366 857 substantiae
382 795 545 858 materialis
559 817 701 860 essenon
716 794 815 881 ipsam
829 795 987 858 materiam
1000 793 1140 878 primam,
1153 793 1205 858 sed
1215 817 1288 877 poa-

93 903 102 916 “
187 904 356 968 nihilitatem
378 915 462 969 nctus
485 904 614 971 tollentis
629 909 828 990 privationem
848 908 902 970 sub
924 929 983 989 qna
1005 906 1205 969 consideratur
1229 918 1295 969 non

187 1035 237 1077 ens
251 1014 285 1077 in
294 1024 451 1099 ¹conceptu
465 1011 599 1080 materiae
613 1016 729 1100 primae.

196 1173 199 1179 .
230 1125 283 1188 29.
308 1124 465 1201 Quaeritur
487 1124 581 1206 sexto,
597 1127 670 1211 qnid
688 1129 729 1191 sit
750 1129 885 1205 materia,
894 1135 988 1211 prout
1008 1128 1106 1191 subeet
1127 1127 1207 1191 vetui
1223 1148 1288 1190 eam

188 1237 328 1298 actnnnti.

197 1376 200 1382 ,
231 1343 421 1428 Respondeo‚
437 1357 541 1431 patere
563 1371 600 1412 ex
622 1347 712 1413 dictis
733 1372 807 1414 eam
819 1371 885 1414 esse
899 1373 958 1413 non
972 1372 1109 1433 erupere
1122 1349 1287 1412 relativum.

187 1454 269 1518 Nam
284 1455 463 1521 adveniente
479 1456 550 1522 actu
572 1482 639 1523 eam
661 1467 814 1540 actuante,
828 1460 948 1524 tollitur
969 1458 1008 1523 ab
1030 1482 1066 1522 ea
1086 1459 1166 1522 ratio
1187 1458 1288 1542 priva-

185 1564 278 1628 tionis
298 1567 455 1632 materiam
467 1572 603 1652 primum
622 1571 829 1649 constituens;
851 1579 882 1634 et
905 1569 948 1634 sic
971 1568 1055 1655 quod
1068 1569 1134 1632 sine
1149 1577 1218 1632 actu
1233 1566 1287 1630 illo

185 1676 293 1741 fuisset
307 1701 370 1743 non
385 1681 440 1744 ens
455 1679 601 1765 privative
615 1682 785 1760 relativum,
802 1682 902 1767 posito
916 1681 970 1745 illo
985 1689 1055 1745 actu
1072 1679 1207 1744 manebit
1222 1701 1284 1744 non

185 1794 238 1850 ens'
253 1810 329 1872 pure
343 1789 516 1869 relativum,
530 1813 566 1855 eo
582 1791 672 1856 modo
687 1814 749 1876 quo
763 1792 979 1876 explicavimus
993 1805 1039 1854 u0.
1055 1792 1109 1855 23.

227 1901 328 1966 Dices.
353 1901 386 1964 Si
409 1902 453 1966 ita
474 1911 530 1981 est,
553 1903 684 1967 essentia
706 1903 869 1968 materialis
891 1902 1070 1967 substantiae
1092 1901 1286 1985 componitur

183 2031 222 2072 ex
236 2018 306 2074 ente
320 2019 351 2074 et
366 2015 430 2076 non
445 2020 525 2078 ente.
572 2012 633 2076 Sed
655 2035 718 2077 non
740 2036 795 2077 ens
817 2014 925 2098 nequit
946 2035 1012 2078 esse
1034 2035 1104 2097 pars
1125 2011 1264 2076 essentiae
1273 2038 1284 2090 3

183 2142 281 2204 quum
296 2123 427 2187 essentia
450 2122 490 2188 sit
512 2123 588 2207 quid
609 2123 785 2208 positivum.
829 2124 914 2209 Ergo
934 2120 1061 2188 materia
1074 2131 1165 2207 prout
1180 2122 1285 2187 subest

182 2233 290 2297 formae
303 2256 367 2298 non
382 2243 507 2300 estnon
522 2257 587 2299 ens.

226 2344 410 2430 Respondeo
426 2371 451 2410 c.
467 2349 516 2410 M.
533 2347 601 2410 dist.
617 2350 687 2411 min.
703 2369 765 2411 uon
781 2371 837 2411 ens
852 2347 960 2433 nequit
974 2369 1040 2411 esse
1056 2370 1127 2432 pars
1145 2344 1284 2411 essentiae

182 2456 311 2521 afferens
325 2457 543 2541 perfectionem
559 2461 582 2521 c}
600 2460 669 2520 min.
686 2459 793 2542 nequit
808 2480 878 2545 esse
885 2479 956 2540 pars
967 2457 1105 2521 essentiae
1115 2454 1284 2519 restrictiva

180 2557 376 2652 perfectionis
398 2591 429 2631 n.
447 2569 517 2631 min.
562 2566 614 2630 Ad
634 2568 782 2631 rationem
805 2567 882 2646 dico,
898 2566 1061 2631 essentiam
1082 2588 1148 2629 esse
1167 2564 1284 2649 aliquid

180 2678 355 2762 positivum,
365 2679 398 2741 in
414 2687 567 2770 quantum
580 2679 653 2743 dicit
663 2679 881 2763 perfectionem,
893 2701 956 2743 non
970 2686 1073 2742 autem
1087 2677 1283 2763 inquantum

181 2789 274 2854 habet
294 2791 416 2855 limitem
432 2789 636 2875 perfectionis.
682 2790 767 2854 Licet
789 2798 893 2854 autem
915 2790 1065 2854 soleamus
1087 2789 1120 2852 in
1138 2786 1282 2853 omnibns

182 2901 248 2966 aliis
266 2902 406 2966 essentiis
425 2900 587 2987 complecti
602 2899 701 2964 solum
716 2923 766 2964 eas
789 2909 890 2979 notas,
905 2923 976 2986 quae
995 2907 1118 2985 ponunt
1140 2899 1281 2985 perfecti·

181 3020 282 3093 onem,
294 3022 324 3077 et
338 3013 407 3078 ideo
417 3012 578 3077 essentiam
595 3034 665 3076 cum
680 3011 853 3096 quidditate
864 3021 1096 3090 convertamus,
1119 3021 1282 3075 esttamen

181 3124 341 3188 addendus
359 3125 498 3208 explicite
516 3123 605 3188 limes
620 3123 810 3208 quidditatis,
826 3124 951 3208 quando
966 3124 1069 3207 agitur
1084 3124 1121 3187 de
1136 3123 1280 3187 substan-

180 3236 224 3300 tia
235 3236 393 3314 materiali,
409 3235 449 3299 ad
467 3234 662 3300 indicandam
682 3234 749 3298 eius
770 3234 943 3298 essentiam.
989 3233 1071 3297 Nam
1092 3233 1227 3313 materia,
1243 3240 1278 3296 ut

180 3347 285 3411 subest
307 3370 369 3410 suae
388 3347 502 3425 formae,
518 3345 610 3410 habet
626 3368 658 3409 se
672 3353 829 3430 tamqnam
845 3344 1016 3409 differentia
1030 3344 1171 3430 quaedam
1186 3344 1280 3408 relate

180 3459 219 3523 ad
240 3459 339 3543 ipsam
362 3458 501 3536 formam,
524 3461 602 3542 q'uae,
624 3457 657 3521 in
687 3466 839 3540 quantum
868 3463 915 3519 est
943 3465 1030 3520 actus
1057 3456 1279 3535 substantialis,

178 3577 375 3654 repraesentat
404 3591 513 3652 genus.
558 3568 640 3632 Nam
670 3567 755 3631 actus
786 3566 1007 3646 substantialis,
1037 3567 1184 3651 quamdiu
1213 3589 1277 3630 non

175 3689 346 3746 coarctatur
375 3687 477 3743 mente
506 3701 560 3763 per
590 3678 823 3742 determinatam
848 3677 1061 3758 differentiam,
1083 3687 1131 3743 est
1160 3678 1276 3763 aliquid

177 3791 372 3876 generieum3
401 3790 542 3854 convenit
565 3789 647 3853 enim
667 3789 786 3872 angelo,
808 3789 918 3853 animae
936 3789 1086 3868 rationali,
1107 3791 1137 3854 vi
1156 3791 1277 3855 motriei

177 3912 208 3968 et
223 3903 298 3981 aliis,
314 3925 379 3966 esse
394 3902 510 3985 aliquos
526 3910 613 3966 actus
628 3923 682 3964 seu
696 3899 818 3964 formas.
861 3899 963 3976 Quare
978 3923 1043 3964 esse
1057 3901 1186 3965 formam
1202 3904 1276 3967 sub-

176 4014 350 4078 stantialem
366 4022 412 4076 est
427 4013 550 4097 aliquod
565 4035 654 4076 annm
668 4034 763 4095 capue
778 4015 871 4075 inesse
879 4013 1016 4096 pluribm
1030 4021 1060 4076 et
1068 4015 1227 4097 praedicuri
1241 4018 1276 4080 de

175 4127 236 4189 illis
251 4129 283 4188 in
298 4126 371 4208 qnid
383 4125 553 4208 incomplete
562 4149 571 4201 3
595 4145 662 4208 quae
678 4131 723 4186 est
739 4124 860 4207 generis
869 4123 1017 4188 definitio.
1056 4125 1089 4188 Si
1099 4148 1170 4190 vero
1181 4126 1276 4192 addas

175 4235 388 4315 differentiam,
400 4244 430 4298 et
445 4235 528 4298 dicas
543 4234 671 4299 formam
683 4234 911 4313 subsistentem,
921 4234 1051 4299 formam
1062 4235 1274 4317 vivificantem,

173 4350 305 4413 formam
329 4346 510 4411 sentientem
534 4344 580 4409 vel
603 4345 788 4423 sensitivam,
811 4344 940 4409 formam
971 4345 1126 4426 motivam,
1148 4341 1289 4412 habebis
1386 4368 1388 4371 ·
