<?xml version="1.0" encoding="UTF-8"?>
<!DOCTYPE html PUBLIC "-//W3C//DTD XHTML 1.0 Transitional//EN"
    "http://www.w3.org/TR/xhtml1/DTD/xhtml1-transitional.dtd">
<html xmlns="http://www.w3.org/1999/xhtml" xml:lang="en" lang="en">
 <head>
  <title>
</title>
<meta http-equiv="Content-Type" content="text/html;charset=utf-8" />
  <meta name='ocr-system' content='tesseract 3.04.00' />
  <meta name='ocr-capabilities' content='ocr_page ocr_carea ocr_par ocr_line ocrx_word'/>
</head>
<body>
  <div class='ocr_page' id='page_1' title='image "./realisphilosoph00baymgoog_0157.png"; bbox 0 0 3200 4984; ppageno 0'>
   <div class='ocr_carea' id='block_1_1' title="bbox 203 352 1309 439">
    <p class='ocr_par' dir='ltr' id='par_1_1' title="bbox 203 352 1309 439">
     <span class='ocr_line' id='line_1_1' title="bbox 203 352 1309 439; baseline 0.004 -20"><span class='ocrx_word' id='word_1_1' title='bbox 203 374 277 419; x_wconf 73' lang='lat' dir='ltr'><strong>cir.</strong></span> <span class='ocrx_word' id='word_1_2' title='bbox 293 352 351 439; x_wconf 71' lang='grc' dir='ltr'><strong>ιι]</strong></span> <span class='ocrx_word' id='word_1_3' title='bbox 533 376 576 419; x_wconf 84' lang='lat' dir='ltr'><strong>nn</strong></span> <span class='ocrx_word' id='word_1_4' title='bbox 592 374 792 420; x_wconf 78' lang='lat' dir='ltr'><strong>summurn</strong></span> <span class='ocrx_word' id='word_1_5' title='bbox 814 375 995 422; x_wconf 76' lang='lat' dir='ltr'><strong>consonus.</strong></span> <span class='ocrx_word' id='word_1_6' title='bbox 1247 360 1309 423; x_wconf 79' lang='lat'><strong>139</strong></span> 
     </span>
    </p>
   </div>
   <div class='ocr_carea' id='block_1_2' title="bbox 173 538 1311 1293">
    <p class='ocr_par' dir='ltr' id='par_1_2' title="bbox 173 538 1311 1293">
     <span class='ocr_line' id='line_1_2' title="bbox 202 538 1310 623; baseline 0.003 -18"><span class='ocrx_word' id='word_1_7' title='bbox 202 562 261 605; x_wconf 86' lang='lat' dir='ltr'><strong>nec</strong></span> <span class='ocrx_word' id='word_1_8' title='bbox 279 538 499 605; x_wconf 72' lang='lat' dir='ltr'><strong>irrationaliter</strong></span> <span class='ocrx_word' id='word_1_9' title='bbox 518 548 653 605; x_wconf 88' lang='lat' dir='ltr'><strong>utantur</strong></span> <span class='ocrx_word' id='word_1_10' title='bbox 674 540 799 606; x_wconf 87' lang='lat' dir='ltr'><strong>nomine</strong></span> <span class='ocrx_word' id='word_1_11' title='bbox 813 542 962 607; x_wconf 60' lang='lat' dir='ltr'><strong>ditantia</strong></span> <span class='ocrx_word' id='word_1_12' title='bbox 979 541 1070 623; x_wconf 88' lang='lat' dir='ltr'><strong>(sicut</strong></span> <span class='ocrx_word' id='word_1_13' title='bbox 1094 542 1187 605; x_wconf 90' lang='lat' dir='ltr'><strong>etiam</strong></span> <span class='ocrx_word' id='word_1_14' title='bbox 1200 551 1310 608; x_wconf 87' lang='lat' dir='ltr'><strong>vocant</strong></span> 
     </span>
     <span class='ocr_line' id='line_1_3' title="bbox 173 650 1308 739; baseline 0.002 -23"><span class='ocrx_word' id='word_1_15' title='bbox 173 658 178 669; x_wconf 84' lang='lat'>&#39;</span> <span class='ocrx_word' id='word_1_16' title='bbox 203 652 377 716; x_wconf 74' lang='lat' dir='ltr'><strong>distantiam</strong></span> <span class='ocrx_word' id='word_1_17' title='bbox 386 651 499 715; x_wconf 76' lang='lat' dir='ltr'><strong>nullam</strong></span> <span class='ocrx_word' id='word_1_18' title='bbox 512 650 545 715; x_wconf 91' lang='lat' dir='ltr'><strong>id</strong></span> <span class='ocrx_word' id='word_1_19' title='bbox 560 651 645 736; x_wconf 91' lang='lat' dir='ltr'><strong>qnod</strong></span> <span class='ocrx_word' id='word_1_20' title='bbox 658 651 817 716; x_wconf 76' lang='lat' dir='ltr'><strong>obtinetur</strong></span> <span class='ocrx_word' id='word_1_21' title='bbox 830 652 863 716; x_wconf 91' lang='lat' dir='ltr'><strong>iu</strong></span> <span class='ocrx_word' id='word_1_22' title='bbox 878 651 976 716; x_wconf 90' lang='lat' dir='ltr'><strong>limite</strong></span> <span class='ocrx_word' id='word_1_23' title='bbox 987 650 1199 717; x_wconf 83' lang='lat' dir='ltr'><strong>diminutionis</strong></span> <span class='ocrx_word' id='word_1_24' title='bbox 1208 653 1285 739; x_wconf 87' lang='lat' dir='ltr'><strong>eius)</strong></span> <span class='ocrx_word' id='word_1_25' title='bbox 1298 680 1308 734; x_wconf 72' lang='grc' dir='ltr'><strong><em>ς</em></strong></span> 
     </span>
     <span class='ocr_line' id='line_1_4' title="bbox 205 760 1311 849; baseline 0.004 -24"><span class='ocrx_word' id='word_1_26' title='bbox 205 784 290 842; x_wconf 92' lang='lat' dir='ltr'><strong>nam,</strong></span> <span class='ocrx_word' id='word_1_27' title='bbox 305 760 388 846; x_wconf 88' lang='lat' dir='ltr'><strong>quia,</strong></span> <span class='ocrx_word' id='word_1_28' title='bbox 411 761 484 826; x_wconf 88' lang='lat' dir='ltr'><strong>data</strong></span> <span class='ocrx_word' id='word_1_29' title='bbox 505 760 663 841; x_wconf 75' lang='lat' dir='ltr'><strong>distantia,</strong></span> <span class='ocrx_word' id='word_1_30' title='bbox 682 784 848 847; x_wconf 88' lang='lat' dir='ltr'><strong>possumus</strong></span> <span class='ocrx_word' id='word_1_31' title='bbox 870 784 937 827; x_wconf 91' lang='lat' dir='ltr'><strong>eam</strong></span> <span class='ocrx_word' id='word_1_32' title='bbox 960 763 1026 827; x_wconf 88' lang='lat' dir='ltr'><strong>sine</strong></span> <span class='ocrx_word' id='word_1_33' title='bbox 1040 763 1101 827; x_wconf 90' lang='lat' dir='ltr'><strong>fine</strong></span> <span class='ocrx_word' id='word_1_34' title='bbox 1122 785 1234 849; x_wconf 84' lang='lat' dir='ltr'><strong>augere</strong></span> <span class='ocrx_word' id='word_1_35' title='bbox 1255 786 1311 848; x_wconf 91' lang='lat' dir='ltr'><strong>per</strong></span> 
     </span>
     <span class='ocr_line' id='line_1_5' title="bbox 204 872 1309 960; baseline 0.002 -23"><span class='ocrx_word' id='word_1_36' title='bbox 204 872 459 958; x_wconf 86' lang='lat' dir='ltr'><strong>imaginationem</strong></span> <span class='ocrx_word' id='word_1_37' title='bbox 475 881 507 937; x_wconf 90' lang='lat' dir='ltr'><strong>et</strong></span> <span class='ocrx_word' id='word_1_38' title='bbox 521 896 577 959; x_wconf 91' lang='lat' dir='ltr'><strong>per</strong></span> <span class='ocrx_word' id='word_1_39' title='bbox 597 882 791 960; x_wconf 88' lang='lat' dir='ltr'><strong>conceptum,</strong></span> <span class='ocrx_word' id='word_1_40' title='bbox 807 873 876 939; x_wconf 91' lang='lat' dir='ltr'><strong>ideo</strong></span> <span class='ocrx_word' id='word_1_41' title='bbox 898 874 998 939; x_wconf 90' lang='lat' dir='ltr'><strong>adhuc</strong></span> <span class='ocrx_word' id='word_1_42' title='bbox 1022 874 1171 939; x_wconf 86' lang='lat' dir='ltr'><strong>retinetur</strong></span> <span class='ocrx_word' id='word_1_43' title='bbox 1196 895 1309 939; x_wconf 87' lang='lat' dir='ltr'><strong>nomen</strong></span> 
     </span>
     <span class='ocr_line' id='line_1_6' title="bbox 206 983 1309 1071; baseline 0.002 -23"><span class='ocrx_word' id='word_1_44' title='bbox 206 985 290 1070; x_wconf 91' lang='lat' dir='ltr'><strong>quod</strong></span> <span class='ocrx_word' id='word_1_45' title='bbox 312 985 399 1070; x_wconf 89' lang='lat' dir='ltr'><strong>prius</strong></span> <span class='ocrx_word' id='word_1_46' title='bbox 424 983 638 1065; x_wconf 88' lang='lat' dir='ltr'><strong>adhibebatur,</strong></span> <span class='ocrx_word' id='word_1_47' title='bbox 654 1008 751 1071; x_wconf 89' lang='lat' dir='ltr'><strong>quum</strong></span> <span class='ocrx_word' id='word_1_48' title='bbox 766 992 933 1071; x_wconf 89' lang='lat' dir='ltr'><strong>conceptus</strong></span> <span class='ocrx_word' id='word_1_49' title='bbox 953 986 1067 1050; x_wconf 90' lang='lat' dir='ltr'><strong>infiniti</strong></span> <span class='ocrx_word' id='word_1_50' title='bbox 1092 1008 1145 1071; x_wconf 87' lang='lat' dir='ltr'><strong>per</strong></span> <span class='ocrx_word' id='word_1_51' title='bbox 1158 1008 1309 1070; x_wconf 82' lang='lat' dir='ltr'><strong>augmen-</strong></span> 
     </span>
     <span class='ocr_line' id='line_1_7' title="bbox 205 1095 1309 1182; baseline 0.001 -22"><span class='ocrx_word' id='word_1_52' title='bbox 205 1104 274 1160; x_wconf 92' lang='lat' dir='ltr'><strong>tum</strong></span> <span class='ocrx_word' id='word_1_53' title='bbox 298 1096 503 1161; x_wconf 84' lang='lat' dir='ltr'><strong>successirum</strong></span> <span class='ocrx_word' id='word_1_54' title='bbox 527 1118 591 1162; x_wconf 91' lang='lat' dir='ltr'><strong>non</strong></span> <span class='ocrx_word' id='word_1_55' title='bbox 623 1096 747 1161; x_wconf 86' lang='lat' dir='ltr'><strong>sitnisi</strong></span> <span class='ocrx_word' id='word_1_56' title='bbox 776 1095 891 1160; x_wconf 90' lang='lat' dir='ltr'><strong>infiniti</strong></span> <span class='ocrx_word' id='word_1_57' title='bbox 913 1097 946 1161; x_wconf 93' lang='lat' dir='ltr'><strong>in</strong></span> <span class='ocrx_word' id='word_1_58' title='bbox 968 1097 1115 1182; x_wconf 86' lang='lat' dir='ltr'><strong>potentia,</strong></span> <span class='ocrx_word' id='word_1_59' title='bbox 1139 1096 1221 1181; x_wconf 92' lang='lat' dir='ltr'><strong>quod</strong></span> <span class='ocrx_word' id='word_1_60' title='bbox 1246 1119 1309 1161; x_wconf 92' lang='lat' dir='ltr'><strong>non</strong></span> 
     </span>
     <span class='ocr_line' id='line_1_8' title="bbox 205 1205 1310 1293; baseline 0.002 -22"><span class='ocrx_word' id='word_1_61' title='bbox 205 1205 287 1271; x_wconf 92' lang='lat' dir='ltr'><strong>tollit</strong></span> <span class='ocrx_word' id='word_1_62' title='bbox 310 1206 489 1288; x_wconf 88' lang='lat' dir='ltr'><strong>terminum,</strong></span> <span class='ocrx_word' id='word_1_63' title='bbox 505 1208 560 1272; x_wconf 90' lang='lat' dir='ltr'><strong>sed</strong></span> <span class='ocrx_word' id='word_1_64' title='bbox 583 1216 724 1273; x_wconf 84' lang='lat' dir='ltr'><strong>censetur</strong></span> <span class='ocrx_word' id='word_1_65' title='bbox 745 1230 899 1273; x_wconf 86' lang='lat' dir='ltr'><strong>removere</strong></span> <span class='ocrx_word' id='word_1_66' title='bbox 919 1208 1000 1273; x_wconf 89' lang='lat' dir='ltr'><strong>ultra</strong></span> <span class='ocrx_word' id='word_1_67' title='bbox 1025 1230 1148 1273; x_wconf 93' lang='lat' dir='ltr'><strong>omnem</strong></span> <span class='ocrx_word' id='word_1_68' title='bbox 1172 1209 1310 1293; x_wconf 84' lang='lat' dir='ltr'><strong>assigna·</strong></span> 
     </span>
    </p>
   </div>
   <div class='ocr_carea' id='block_1_3' title="bbox 205 1317 1315 3076">
    <p class='ocr_par' dir='ltr' id='par_1_3' title="bbox 205 1317 1315 2947">
     <span class='ocr_line' id='line_1_9' title="bbox 206 1317 1311 1405; baseline 0.003 -24"><span class='ocrx_word' id='word_1_69' title='bbox 206 1317 300 1381; x_wconf 93' lang='lat' dir='ltr'><strong>bilem</strong></span> <span class='ocrx_word' id='word_1_70' title='bbox 314 1317 429 1383; x_wconf 87' lang='lat' dir='ltr'><strong>locum.</strong></span> <span class='ocrx_word' id='word_1_71' title='bbox 476 1318 546 1399; x_wconf 87' lang='lat' dir='ltr'><strong>Sed,</strong></span> <span class='ocrx_word' id='word_1_72' title='bbox 563 1319 636 1405; x_wconf 87' lang='lat' dir='ltr'><strong>quia</strong></span> <span class='ocrx_word' id='word_1_73' title='bbox 650 1342 668 1383; x_wconf 93' lang='lat' dir='ltr'><strong>a</strong></span> <span class='ocrx_word' id='word_1_74' title='bbox 683 1327 770 1404; x_wconf 90' lang='lat' dir='ltr'><strong>parte</strong></span> <span class='ocrx_word' id='word_1_75' title='bbox 784 1319 829 1383; x_wconf 89' lang='lat' dir='ltr'><strong>rei</strong></span> <span class='ocrx_word' id='word_1_76' title='bbox 848 1318 954 1383; x_wconf 91' lang='lat' dir='ltr'><strong>nullus</strong></span> <span class='ocrx_word' id='word_1_77' title='bbox 969 1326 1016 1397; x_wconf 81' lang='lat' dir='ltr'><strong>est</strong></span> <span class='ocrx_word' id='word_1_78' title='bbox 1031 1318 1116 1384; x_wconf 90' lang='lat' dir='ltr'><strong>locus</strong></span> <span class='ocrx_word' id='word_1_79' title='bbox 1130 1319 1207 1398; x_wconf 88' lang='lat' dir='ltr'><strong>eius,</strong></span> <span class='ocrx_word' id='word_1_80' title='bbox 1223 1319 1311 1385; x_wconf 87' lang='lat' dir='ltr'><strong>euius</strong></span> 
     </span>
     <span class='ocr_line' id='line_1_10' title="bbox 205 1429 1309 1516; baseline 0.003 -24"><span class='ocrx_word' id='word_1_81' title='bbox 205 1429 292 1493; x_wconf 90' lang='lat' dir='ltr'><strong>locus</strong></span> <span class='ocrx_word' id='word_1_82' title='bbox 306 1451 370 1494; x_wconf 92' lang='lat' dir='ltr'><strong>non</strong></span> <span class='ocrx_word' id='word_1_83' title='bbox 385 1438 432 1494; x_wconf 88' lang='lat' dir='ltr'><strong>est</strong></span> <span class='ocrx_word' id='word_1_84' title='bbox 447 1430 653 1515; x_wconf 81' lang='lat' dir='ltr'><strong>assiguabilis,</strong></span> <span class='ocrx_word' id='word_1_85' title='bbox 662 1430 741 1510; x_wconf 89' lang='lat' dir='ltr'><strong>ideo,</strong></span> <span class='ocrx_word' id='word_1_86' title='bbox 751 1429 876 1516; x_wconf 88' lang='lat' dir='ltr'><strong>quando</strong></span> <span class='ocrx_word' id='word_1_87' title='bbox 890 1429 1002 1495; x_wconf 88' lang='lat' dir='ltr'><strong>dicitnr</strong></span> <span class='ocrx_word' id='word_1_88' title='bbox 1017 1429 1163 1495; x_wconf 86' lang='lat' dir='ltr'><strong>distantia</strong></span> <span class='ocrx_word' id='word_1_89' title='bbox 1177 1431 1309 1511; x_wconf 87' lang='lat' dir='ltr'><strong>infinita,</strong></span> 
     </span>
     <span class='ocr_line' id='line_1_11' title="bbox 206 1539 1310 1627; baseline 0.003 -22"><span class='ocrx_word' id='word_1_90' title='bbox 206 1561 271 1605; x_wconf 90' lang='lat' dir='ltr'><strong>non</strong></span> <span class='ocrx_word' id='word_1_91' title='bbox 287 1539 402 1605; x_wconf 87' lang='lat' dir='ltr'><strong>dicitur</strong></span> <span class='ocrx_word' id='word_1_92' title='bbox 415 1540 532 1626; x_wconf 91' lang='lat' dir='ltr'><strong>aliquid</strong></span> <span class='ocrx_word' id='word_1_93' title='bbox 544 1542 580 1605; x_wconf 91' lang='lat' dir='ltr'><strong>in</strong></span> <span class='ocrx_word' id='word_1_94' title='bbox 594 1564 696 1606; x_wconf 88' lang='lat' dir='ltr'><strong>rernm</strong></span> <span class='ocrx_word' id='word_1_95' title='bbox 711 1548 823 1605; x_wconf 88' lang='lat' dir='ltr'><strong>natura</strong></span> <span class='ocrx_word' id='word_1_96' title='bbox 836 1541 982 1627; x_wconf 89' lang='lat' dir='ltr'><strong>positum,</strong></span> <span class='ocrx_word' id='word_1_97' title='bbox 994 1542 1048 1607; x_wconf 90' lang='lat' dir='ltr'><strong>sed</strong></span> <span class='ocrx_word' id='word_1_98' title='bbox 1063 1542 1175 1607; x_wconf 90' lang='lat' dir='ltr'><strong>dicitur</strong></span> <span class='ocrx_word' id='word_1_99' title='bbox 1189 1551 1310 1608; x_wconf 88' lang='lat' dir='ltr'><strong>tantum</strong></span> 
     </span>
     <span class='ocr_line' id='line_1_12' title="bbox 206 1652 1311 1737; baseline 0.001 -20"><span class='ocrx_word' id='word_1_100' title='bbox 206 1659 243 1717; x_wconf 89' lang='lat' dir='ltr'><strong>ut</strong></span> <span class='ocrx_word' id='word_1_101' title='bbox 273 1652 427 1737; x_wconf 78' lang='lat' dir='ltr'><strong>expressio</strong></span> <span class='ocrx_word' id='word_1_102' title='bbox 455 1652 603 1737; x_wconf 72' lang='lat' dir='ltr'><strong>reiquae</strong></span> <span class='ocrx_word' id='word_1_103' title='bbox 631 1674 687 1737; x_wconf 92' lang='lat' dir='ltr'><strong>per</strong></span> <span class='ocrx_word' id='word_1_104' title='bbox 714 1661 849 1716; x_wconf 91' lang='lat' dir='ltr'><strong>mentem</strong></span> <span class='ocrx_word' id='word_1_105' title='bbox 879 1652 1054 1717; x_wconf 85' lang='lat' dir='ltr'><strong>extenditur</strong></span> <span class='ocrx_word' id='word_1_106' title='bbox 1082 1653 1163 1718; x_wconf 85' lang='lat' dir='ltr'><strong>ultra</strong></span> <span class='ocrx_word' id='word_1_107' title='bbox 1188 1676 1311 1719; x_wconf 89' lang='lat' dir='ltr'><strong>omnem</strong></span> 
     </span>
     <span class='ocr_line' id='line_1_13' title="bbox 206 1762 1312 1850; baseline 0.003 -23"><span class='ocrx_word' id='word_1_108' title='bbox 206 1763 366 1850; x_wconf 81' lang='lat' dir='ltr'><strong>physicam</strong></span> <span class='ocrx_word' id='word_1_109' title='bbox 388 1762 568 1828; x_wconf 90' lang='lat' dir='ltr'><strong>realitatem.</strong></span> <span class='ocrx_word' id='word_1_110' title='bbox 614 1763 730 1828; x_wconf 89' lang='lat' dir='ltr'><strong>Utrum</strong></span> <span class='ocrx_word' id='word_1_111' title='bbox 754 1772 860 1829; x_wconf 90' lang='lat' dir='ltr'><strong>antem</strong></span> <span class='ocrx_word' id='word_1_112' title='bbox 884 1764 1031 1830; x_wconf 90' lang='lat' dir='ltr'><strong>distantia</strong></span> <span class='ocrx_word' id='word_1_113' title='bbox 1053 1765 1174 1829; x_wconf 89' lang='lat' dir='ltr'><strong>infinita</strong></span> <span class='ocrx_word' id='word_1_114' title='bbox 1198 1766 1232 1830; x_wconf 92' lang='lat' dir='ltr'><strong>in</strong></span> <span class='ocrx_word' id='word_1_115' title='bbox 1256 1788 1312 1830; x_wconf 91' lang='lat' dir='ltr'><strong>suo</strong></span> 
     </span>
     <span class='ocr_line' id='line_1_14' title="bbox 206 1874 1313 1961; baseline 0.003 -22"><span class='ocrx_word' id='word_1_116' title='bbox 206 1876 275 1961; x_wconf 89' lang='lat' dir='ltr'><strong>ipso</strong></span> <span class='ocrx_word' id='word_1_117' title='bbox 301 1884 454 1960; x_wconf 89' lang='lat' dir='ltr'><strong>conceptu</strong></span> <span class='ocrx_word' id='word_1_118' title='bbox 477 1875 611 1939; x_wconf 89' lang='lat' dir='ltr'><strong>involvat</strong></span> <span class='ocrx_word' id='word_1_119' title='bbox 634 1874 915 1955; x_wconf 79' lang='lat' dir='ltr'><strong>contradictionem,</strong></span> <span class='ocrx_word' id='word_1_120' title='bbox 939 1876 1027 1942; x_wconf 82' lang='lat' dir='ltr'><strong>facile</strong></span> <span class='ocrx_word' id='word_1_121' title='bbox 1050 1877 1236 1956; x_wconf 62' lang='lat' dir='ltr'><strong>affirmatum</strong></span> <span class='ocrx_word' id='word_1_122' title='bbox 1260 1876 1313 1942; x_wconf 91' lang='lat' dir='ltr'><strong>sed</strong></span> 
     </span>
     <span class='ocr_line' id='line_1_15' title="bbox 208 1985 1314 2073; baseline 0 -21"><span class='ocrx_word' id='word_1_123' title='bbox 208 1996 334 2073; x_wconf 92' lang='lat' dir='ltr'><strong>propter</strong></span> <span class='ocrx_word' id='word_1_124' title='bbox 354 1986 568 2052; x_wconf 87' lang='lat' dir='ltr'><strong>difficultatem</strong></span> <span class='ocrx_word' id='word_1_125' title='bbox 587 1985 740 2052; x_wconf 89' lang='lat' dir='ltr'><strong>tractandi</strong></span> <span class='ocrx_word' id='word_1_126' title='bbox 764 1985 803 2051; x_wconf 87' lang='lat' dir='ltr'><strong>de</strong></span> <span class='ocrx_word' id='word_1_127' title='bbox 827 1986 958 2052; x_wconf 88' lang='lat' dir='ltr'><strong>infinitis</strong></span> <span class='ocrx_word' id='word_1_128' title='bbox 981 2010 1045 2053; x_wconf 91' lang='lat' dir='ltr'><strong>non</strong></span> <span class='ocrx_word' id='word_1_129' title='bbox 1069 1988 1174 2053; x_wconf 89' lang='lat' dir='ltr'><strong>statim</strong></span> <span class='ocrx_word' id='word_1_130' title='bbox 1187 1987 1314 2053; x_wconf 82' lang='lat' dir='ltr'><strong>ferenda</strong></span> 
     </span>
     <span class='ocr_line' id='line_1_16' title="bbox 207 2097 1313 2179; baseline 0 -16"><span class='ocrx_word' id='word_1_131' title='bbox 207 2100 362 2164; x_wconf 88' lang='lat' dir='ltr'><strong>sententia</strong></span> <span class='ocrx_word' id='word_1_132' title='bbox 383 2107 441 2163; x_wconf 89' lang='lat' dir='ltr'><strong>est.</strong></span> <span class='ocrx_word' id='word_1_133' title='bbox 487 2100 569 2163; x_wconf 85' lang='lat' dir='ltr'><strong>Sunt</strong></span> <span class='ocrx_word' id='word_1_134' title='bbox 591 2098 674 2163; x_wconf 92' lang='lat' dir='ltr'><strong>enim</strong></span> <span class='ocrx_word' id='word_1_135' title='bbox 698 2098 832 2163; x_wconf 88' lang='lat' dir='ltr'><strong>rationes</strong></span> <span class='ocrx_word' id='word_1_136' title='bbox 847 2097 1040 2163; x_wconf 70' lang='lat' dir='ltr'><strong>validissima</strong></span> <span class='ocrx_word' id='word_1_137' title='bbox 1060 2099 1094 2162; x_wconf 91' lang='lat' dir='ltr'><strong>in</strong></span> <span class='ocrx_word' id='word_1_138' title='bbox 1116 2100 1313 2179; x_wconf 88' lang='lat' dir='ltr'><strong>contrarium,</strong></span> 
     </span>
     <span class='ocr_line' id='line_1_17' title="bbox 206 2207 1314 2297; baseline -0.001 -23"><span class='ocrx_word' id='word_1_139' title='bbox 206 2209 379 2297; x_wconf 73' lang='lat' dir='ltr'><strong>praesertim</strong></span> <span class='ocrx_word' id='word_1_140' title='bbox 400 2208 427 2273; x_wconf 91' lang='lat' dir='ltr'><strong>si</strong></span> <span class='ocrx_word' id='word_1_141' title='bbox 446 2207 553 2273; x_wconf 88' lang='lat' dir='ltr'><strong>relicto</strong></span> <span class='ocrx_word' id='word_1_142' title='bbox 575 2208 701 2272; x_wconf 91' lang='lat' dir='ltr'><strong>nomine</strong></span> <span class='ocrx_word' id='word_1_143' title='bbox 716 2209 864 2273; x_wconf 76' lang='lat' dir='ltr'><strong>distantia</strong></span> <span class='ocrx_word' id='word_1_144' title='bbox 887 2216 1021 2293; x_wconf 90' lang='lat' dir='ltr'><strong>ponatur</strong></span> <span class='ocrx_word' id='word_1_145' title='bbox 1046 2229 1160 2273; x_wconf 90' lang='lat' dir='ltr'><strong>nomen</strong></span> <span class='ocrx_word' id='word_1_146' title='bbox 1174 2210 1265 2286; x_wconf 74' lang='lat' dir='ltr'><strong>linere,</strong></span> <span class='ocrx_word' id='word_1_147' title='bbox 1280 2208 1314 2273; x_wconf 93' lang='lat' dir='ltr'><strong>id</strong></span> 
     </span>
     <span class='ocr_line' id='line_1_18' title="bbox 208 2317 1313 2406; baseline -0.002 -20"><span class='ocrx_word' id='word_1_148' title='bbox 208 2329 255 2387; x_wconf 87' lang='lat' dir='ltr'><strong>est</strong></span> <span class='ocrx_word' id='word_1_149' title='bbox 270 2322 297 2385; x_wconf 91' lang='lat' dir='ltr'><strong>si</strong></span> <span class='ocrx_word' id='word_1_150' title='bbox 320 2343 377 2405; x_wconf 92' lang='lat' dir='ltr'><strong>pro</strong></span> <span class='ocrx_word' id='word_1_151' title='bbox 392 2319 596 2406; x_wconf 87' lang='lat' dir='ltr'><strong>appellatione</strong></span> <span class='ocrx_word' id='word_1_152' title='bbox 610 2319 732 2385; x_wconf 78' lang='lat' dir='ltr'><strong>formali</strong></span> <span class='ocrx_word' id='word_1_153' title='bbox 757 2319 938 2384; x_wconf 87' lang='lat' dir='ltr'><strong>adhibeatur</strong></span> <span class='ocrx_word' id='word_1_154' title='bbox 956 2317 1121 2405; x_wconf 83' lang='lat' dir='ltr'><strong>appellatio</strong></span> <span class='ocrx_word' id='word_1_155' title='bbox 1138 2319 1313 2385; x_wconf 88' lang='lat' dir='ltr'><strong>materialis.</strong></span> 
     </span>
     <span class='ocr_line' id='line_1_19' title="bbox 209 2431 1314 2518; baseline -0.003 -18"><span class='ocrx_word' id='word_1_156' title='bbox 209 2435 410 2518; x_wconf 71' lang='lat' dir='ltr'><strong>Numquam</strong></span> <span class='ocrx_word' id='word_1_157' title='bbox 425 2432 571 2497; x_wconf 83' lang='lat' dir='ltr'><strong>distantia</strong></span> <span class='ocrx_word' id='word_1_158' title='bbox 585 2432 626 2497; x_wconf 84' lang='lat' dir='ltr'><strong>sit</strong></span> <span class='ocrx_word' id='word_1_159' title='bbox 639 2432 721 2498; x_wconf 89' lang='lat' dir='ltr'><strong>inter</strong></span> <span class='ocrx_word' id='word_1_160' title='bbox 730 2434 889 2511; x_wconf 90' lang='lat' dir='ltr'><strong>terminos,</strong></span> <span class='ocrx_word' id='word_1_161' title='bbox 899 2431 1066 2497; x_wconf 84' lang='lat' dir='ltr'><strong>formaliter</strong></span> <span class='ocrx_word' id='word_1_162' title='bbox 1074 2440 1196 2517; x_wconf 88' lang='lat' dir='ltr'><strong>accepta</strong></span> <span class='ocrx_word' id='word_1_163' title='bbox 1206 2433 1314 2517; x_wconf 89' lang='lat' dir='ltr'><strong>nequit</strong></span> 
     </span>
     <span class='ocr_line' id='line_1_20' title="bbox 208 2544 1315 2630; baseline -0.005 -18"><span class='ocrx_word' id='word_1_164' title='bbox 208 2570 275 2613; x_wconf 88' lang='lat' dir='ltr'><strong>esse</strong></span> <span class='ocrx_word' id='word_1_165' title='bbox 295 2545 427 2625; x_wconf 87' lang='lat' dir='ltr'><strong>infinita,</strong></span> <span class='ocrx_word' id='word_1_166' title='bbox 442 2544 496 2609; x_wconf 89' lang='lat' dir='ltr'><strong>sed</strong></span> <span class='ocrx_word' id='word_1_167' title='bbox 519 2545 611 2624; x_wconf 90' lang='lat' dir='ltr'><strong>linea,</strong></span> <span class='ocrx_word' id='word_1_168' title='bbox 626 2544 659 2608; x_wconf 93' lang='lat' dir='ltr'><strong>in</strong></span> <span class='ocrx_word' id='word_1_169' title='bbox 685 2567 746 2630; x_wconf 90' lang='lat' dir='ltr'><strong>qua</strong></span> <span class='ocrx_word' id='word_1_170' title='bbox 759 2554 919 2630; x_wconf 89' lang='lat' dir='ltr'><strong>tamquam</strong></span> <span class='ocrx_word' id='word_1_171' title='bbox 942 2544 976 2608; x_wconf 91' lang='lat' dir='ltr'><strong>in</strong></span> <span class='ocrx_word' id='word_1_172' title='bbox 999 2544 1126 2607; x_wconf 89' lang='lat' dir='ltr'><strong>materia</strong></span> <span class='ocrx_word' id='word_1_173' title='bbox 1149 2551 1315 2609; x_wconf 89' lang='lat' dir='ltr'><strong>sumuntur</strong></span> 
     </span>
     <span class='ocr_line' id='line_1_21' title="bbox 209 2655 1314 2742; baseline -0.001 -20"><span class='ocrx_word' id='word_1_174' title='bbox 209 2657 375 2735; x_wconf 75' lang='lat' dir='ltr'><strong>distantiae,</strong></span> <span class='ocrx_word' id='word_1_175' title='bbox 388 2664 492 2742; x_wconf 88' lang='lat' dir='ltr'><strong>potest</strong></span> <span class='ocrx_word' id='word_1_176' title='bbox 514 2679 580 2721; x_wconf 89' lang='lat' dir='ltr'><strong>esse</strong></span> <span class='ocrx_word' id='word_1_177' title='bbox 601 2656 668 2721; x_wconf 89' lang='lat' dir='ltr'><strong>sine</strong></span> <span class='ocrx_word' id='word_1_178' title='bbox 681 2656 825 2736; x_wconf 86' lang='lat' dir='ltr'><strong>termino,</strong></span> <span class='ocrx_word' id='word_1_179' title='bbox 840 2664 876 2720; x_wconf 90' lang='lat' dir='ltr'><strong>ut</strong></span> <span class='ocrx_word' id='word_1_180' title='bbox 890 2655 992 2720; x_wconf 87' lang='lat' dir='ltr'><strong>videre</strong></span> <span class='ocrx_word' id='word_1_181' title='bbox 1007 2664 1053 2719; x_wconf 92' lang='lat' dir='ltr'><strong>est</strong></span> <span class='ocrx_word' id='word_1_182' title='bbox 1074 2655 1107 2719; x_wconf 93' lang='lat' dir='ltr'><strong>in</strong></span> <span class='ocrx_word' id='word_1_183' title='bbox 1129 2664 1261 2721; x_wconf 87' lang='lat' dir='ltr'><strong>tractatu</strong></span> <span class='ocrx_word' id='word_1_184' title='bbox 1276 2656 1314 2721; x_wconf 86' lang='lat' dir='ltr'><strong>de</strong></span> 
     </span>
     <span class='ocr_line' id='line_1_22' title="bbox 208 2768 1313 2853; baseline -0.002 -18"><span class='ocrx_word' id='word_1_185' title='bbox 208 2770 342 2835; x_wconf 88' lang='lat' dir='ltr'><strong>infinito.</strong></span> <span class='ocrx_word' id='word_1_186' title='bbox 387 2770 428 2833; x_wconf 91' lang='lat' dir='ltr'><strong>Iu</strong></span> <span class='ocrx_word' id='word_1_187' title='bbox 442 2768 497 2833; x_wconf 90' lang='lat' dir='ltr'><strong>tali</strong></span> <span class='ocrx_word' id='word_1_188' title='bbox 511 2776 616 2833; x_wconf 88' lang='lat' dir='ltr'><strong>autem</strong></span> <span class='ocrx_word' id='word_1_189' title='bbox 630 2768 712 2832; x_wconf 84' lang='lat' dir='ltr'><strong>linea</strong></span> <span class='ocrx_word' id='word_1_190' title='bbox 725 2776 857 2853; x_wconf 83' lang='lat' dir='ltr'><strong>possunt</strong></span> <span class='ocrx_word' id='word_1_191' title='bbox 873 2768 954 2833; x_wconf 89' lang='lat' dir='ltr'><strong>sumi</strong></span> <span class='ocrx_word' id='word_1_192' title='bbox 969 2768 1123 2833; x_wconf 78' lang='lat' dir='ltr'><strong>distantia</strong></span> <span class='ocrx_word' id='word_1_193' title='bbox 1137 2768 1267 2833; x_wconf 90' lang='lat' dir='ltr'><strong>maiores</strong></span> <span class='ocrx_word' id='word_1_194' title='bbox 1281 2776 1313 2833; x_wconf 87' lang='lat' dir='ltr'><strong>et</strong></span> 
     </span>
     <span class='ocr_line' id='line_1_23' title="bbox 209 2878 1103 2947; baseline -0.007 0"><span class='ocrx_word' id='word_1_195' title='bbox 209 2881 338 2947; x_wconf 89' lang='lat' dir='ltr'><strong>maiores</strong></span> <span class='ocrx_word' id='word_1_196' title='bbox 353 2880 387 2945; x_wconf 90' lang='lat' dir='ltr'><strong>in</strong></span> <span class='ocrx_word' id='word_1_197' title='bbox 401 2879 570 2944; x_wconf 91' lang='lat' dir='ltr'><strong>infinitum.</strong></span> <span class='ocrx_word' id='word_1_198' title='bbox 615 2878 657 2943; x_wconf 82' lang='lat' dir='ltr'><strong>Et</strong></span> <span class='ocrx_word' id='word_1_199' title='bbox 671 2878 730 2943; x_wconf 91' lang='lat' dir='ltr'><strong>hoc</strong></span> <span class='ocrx_word' id='word_1_200' title='bbox 745 2878 857 2943; x_wconf 87' lang='lat' dir='ltr'><strong>sufficit</strong></span> <span class='ocrx_word' id='word_1_201' title='bbox 871 2878 1103 2943; x_wconf 84' lang='lat' dir='ltr'><strong>mathematicis.</strong></span> 
     </span>
    </p>

    <p class='ocr_par' dir='ltr' id='par_1_4' title="bbox 253 2989 1315 3076">
     <span class='ocr_line' id='line_1_24' title="bbox 253 2989 1315 3076; baseline -0.001 -20"><span class='ocrx_word' id='word_1_202' title='bbox 253 2996 309 3057; x_wconf 85' lang='lat'><strong>55.</strong></span> <span class='ocrx_word' id='word_1_203' title='bbox 333 2991 470 3056; x_wconf 81' lang='lat' dir='ltr'><strong>Tandem</strong></span> <span class='ocrx_word' id='word_1_204' title='bbox 492 2991 527 3056; x_wconf 91' lang='lat' dir='ltr'><strong>in</strong></span> <span class='ocrx_word' id='word_1_205' title='bbox 541 2998 651 3076; x_wconf 89' lang='lat' dir='ltr'><strong>quarto</strong></span> <span class='ocrx_word' id='word_1_206' title='bbox 670 2989 829 3055; x_wconf 86' lang='lat' dir='ltr'><strong>corollario</strong></span> <span class='ocrx_word' id='word_1_207' title='bbox 844 2990 927 3055; x_wconf 91' lang='lat' dir='ltr'><strong>valor</strong></span> <span class='ocrx_word' id='word_1_208' title='bbox 946 2990 1088 3055; x_wconf 85' lang='lat' dir='ltr'><strong>infinitus</strong></span> <span class='ocrx_word' id='word_1_209' title='bbox 1108 2989 1315 3076; x_wconf 88' lang='lat' dir='ltr'><strong>multiplican-</strong></span> 
     </span>
    </p>
   </div>
   <div class='ocr_carea' id='block_1_4' title="bbox 210 3100 1316 3189">
    <p class='ocr_par' dir='ltr' id='par_1_5' title="bbox 210 3100 1316 3189">
     <span class='ocr_line' id='line_1_25' title="bbox 210 3100 1316 3189; baseline -0.002 -20"><span class='ocrx_word' id='word_1_210' title='bbox 210 3104 270 3169; x_wconf 86' lang='lat' dir='ltr'><strong>dus</strong></span> <span class='ocrx_word' id='word_1_211' title='bbox 293 3111 341 3168; x_wconf 93' lang='lat' dir='ltr'><strong>est</strong></span> <span class='ocrx_word' id='word_1_212' title='bbox 363 3125 418 3189; x_wconf 90' lang='lat' dir='ltr'><strong>per</strong></span> <span class='ocrx_word' id='word_1_213' title='bbox 432 3104 474 3182; x_wconf 86' lang='lat' dir='ltr'><strong>dt,</strong></span> <span class='ocrx_word' id='word_1_214' title='bbox 490 3112 526 3168; x_wconf 91' lang='lat' dir='ltr'><strong>nt</strong></span> <span class='ocrx_word' id='word_1_215' title='bbox 541 3102 595 3167; x_wconf 90' lang='lat' dir='ltr'><strong>fiat</strong></span> <span class='ocrx_word' id='word_1_216' title='bbox 610 3100 759 3167; x_wconf 88' lang='lat' dir='ltr'><strong>transitus</strong></span> <span class='ocrx_word' id='word_1_217' title='bbox 773 3101 812 3166; x_wconf 91' lang='lat' dir='ltr'><strong>ab</strong></span> <span class='ocrx_word' id='word_1_218' title='bbox 828 3101 1020 3187; x_wconf 84' lang='lat' dir='ltr'><strong>expressione</strong></span> <span class='ocrx_word' id='word_1_219' title='bbox 1034 3102 1159 3167; x_wconf 88' lang='lat' dir='ltr'><strong>relativa</strong></span> <span class='ocrx_word' id='word_1_220' title='bbox 1173 3102 1211 3167; x_wconf 89' lang='lat' dir='ltr'><strong>ad</strong></span> <span class='ocrx_word' id='word_1_221' title='bbox 1226 3102 1316 3167; x_wconf 90' lang='lat' dir='ltr'><strong>abso-</strong></span> 
     </span>
    </p>
   </div>
   <div class='ocr_carea' id='block_1_5' title="bbox 802 3214 826 3276">
    <p class='ocr_par' dir='ltr' id='par_1_6' title="bbox 802 3214 826 3276">
     <span class='ocr_line' id='line_1_26' title="bbox 802 3214 826 3276; baseline 0 0"><span class='ocrx_word' id='word_1_222' title='bbox 802 3214 826 3276; x_wconf 91' lang='lat'>0</span> 
     </span>
    </p>
   </div>
   <div class='ocr_carea' id='block_1_6' title="bbox 209 3262 1274 3376">
    <p class='ocr_par' dir='ltr' id='par_1_7' title="bbox 209 3262 1274 3376">
     <span class='ocr_line' id='line_1_27' title="bbox 209 3262 1274 3376; baseline -0.003 -45"><span class='ocrx_word' id='word_1_223' title='bbox 209 3267 327 3331; x_wconf 86' lang='lat' dir='ltr'><strong>lutam:</strong></span> <span class='ocrx_word' id='word_1_224' title='bbox 343 3272 375 3329; x_wconf 88' lang='lat' dir='ltr'><strong>et</strong></span> <span class='ocrx_word' id='word_1_225' title='bbox 389 3273 465 3329; x_wconf 89' lang='lat' dir='ltr'><strong>tunc</strong></span> <span class='ocrx_word' id='word_1_226' title='bbox 477 3272 616 3328; x_wconf 86' lang='lat' dir='ltr'><strong>mutatur</strong></span> <span class='ocrx_word' id='word_1_227' title='bbox 625 3262 737 3327; x_wconf 85' lang='lat' dir='ltr'><strong>iterum</strong></span> <span class='ocrx_word' id='word_1_228' title='bbox 752 3262 786 3327; x_wconf 88' lang='lat' dir='ltr'><strong>iu</strong></span> <span class='ocrx_word' id='word_1_229' title='bbox 803 3300 836 3376; x_wconf 66' lang='grc' dir='ltr'><strong>ὁ,</strong></span> <span class='ocrx_word' id='word_1_230' title='bbox 852 3262 931 3328; x_wconf 89' lang='lat' dir='ltr'><strong>sicut</strong></span> <span class='ocrx_word' id='word_1_231' title='bbox 945 3263 979 3326; x_wconf 90' lang='lat' dir='ltr'><strong>in</strong></span> <span class='ocrx_word' id='word_1_232' title='bbox 994 3262 1150 3328; x_wconf 88' lang='lat' dir='ltr'><strong>corollario</strong></span> <span class='ocrx_word' id='word_1_233' title='bbox 1164 3263 1274 3348; x_wconf 89' lang='lat' dir='ltr'><strong>primo.</strong></span> 
     </span>
    </p>
   </div>
   <div class='ocr_carea' id='block_1_7' title="bbox 211 3434 1318 4398">
    <p class='ocr_par' dir='ltr' id='par_1_8' title="bbox 211 3434 1318 4398">
     <span class='ocr_line' id='line_1_28' title="bbox 254 3434 1316 3522; baseline -0.001 -19"><span class='ocrx_word' id='word_1_234' title='bbox 254 3436 477 3504; x_wconf 84' lang='lat' dir='ltr'><strong>Concludimns</strong></span> <span class='ocrx_word' id='word_1_235' title='bbox 506 3458 590 3521; x_wconf 86' lang='lat' dir='ltr'><strong>ergo,</strong></span> <span class='ocrx_word' id='word_1_236' title='bbox 616 3434 771 3522; x_wconf 83' lang='lat' dir='ltr'><strong>quodvis</strong></span> <span class='ocrx_word' id='word_1_237' title='bbox 800 3435 994 3501; x_wconf 85' lang='lat' dir='ltr'><strong>elementaris</strong></span> <span class='ocrx_word' id='word_1_238' title='bbox 1022 3444 1069 3500; x_wconf 90' lang='lat' dir='ltr'><strong>est</strong></span> <span class='ocrx_word' id='word_1_239' title='bbox 1098 3436 1256 3501; x_wconf 89' lang='lat' dir='ltr'><strong>entitative</strong></span> <span class='ocrx_word' id='word_1_240' title='bbox 1284 3446 1316 3502; x_wconf 88' lang='lat' dir='ltr'><strong>et</strong></span> 
     </span>
     <span class='ocr_line' id='line_1_29' title="bbox 211 3546 1316 3627; baseline -0.005 -12"><span class='ocrx_word' id='word_1_241' title='bbox 211 3549 350 3615; x_wconf 87' lang='lat' dir='ltr'><strong>absolute</strong></span> <span class='ocrx_word' id='word_1_242' title='bbox 364 3549 463 3627; x_wconf 89' lang='lat' dir='ltr'><strong>finita,</strong></span> <span class='ocrx_word' id='word_1_243' title='bbox 479 3556 510 3611; x_wconf 93' lang='lat' dir='ltr'><strong>et</strong></span> <span class='ocrx_word' id='word_1_244' title='bbox 525 3547 617 3611; x_wconf 90' lang='lat' dir='ltr'><strong>habet</strong></span> <span class='ocrx_word' id='word_1_245' title='bbox 632 3546 783 3617; x_wconf 84' lang='lat' dir='ltr'><strong>actionem</strong></span> <span class='ocrx_word' id='word_1_246' title='bbox 804 3547 930 3612; x_wconf 86' lang='lat' dir='ltr'><strong>totalem</strong></span> <span class='ocrx_word' id='word_1_247' title='bbox 951 3547 1122 3613; x_wconf 87' lang='lat' dir='ltr'><strong>absolutam</strong></span> <span class='ocrx_word' id='word_1_248' title='bbox 1144 3548 1262 3612; x_wconf 90' lang='lat' dir='ltr'><strong>finitam</strong></span> <span class='ocrx_word' id='word_1_249' title='bbox 1283 3547 1316 3610; x_wconf 90' lang='lat' dir='ltr'><strong>in</strong></span> 
     </span>
     <span class='ocr_line' id='line_1_30' title="bbox 211 3658 1317 3747; baseline -0.005 -21"><span class='ocrx_word' id='word_1_250' title='bbox 211 3662 349 3747; x_wconf 86' lang='lat' dir='ltr'><strong>qualibet</strong></span> <span class='ocrx_word' id='word_1_251' title='bbox 375 3660 533 3746; x_wconf 89' lang='lat' dir='ltr'><strong>superficie</strong></span> <span class='ocrx_word' id='word_1_252' title='bbox 559 3660 715 3745; x_wconf 77' lang='lat' dir='ltr'><strong>sphaerica,</strong></span> <span class='ocrx_word' id='word_1_253' title='bbox 737 3660 968 3724; x_wconf 89' lang='lat' dir='ltr'><strong>infinitesimam</strong></span> <span class='ocrx_word' id='word_1_254' title='bbox 994 3668 1097 3724; x_wconf 89' lang='lat' dir='ltr'><strong>autem</strong></span> <span class='ocrx_word' id='word_1_255' title='bbox 1122 3660 1157 3722; x_wconf 93' lang='lat' dir='ltr'><strong>in</strong></span> <span class='ocrx_word' id='word_1_256' title='bbox 1181 3658 1317 3744; x_wconf 88' lang='lat' dir='ltr'><strong>quolibet</strong></span> 
     </span>
     <span class='ocr_line' id='line_1_31' title="bbox 212 3770 1317 3858; baseline -0.005 -20"><span class='ocrx_word' id='word_1_257' title='bbox 212 3783 329 3858; x_wconf 88' lang='lat' dir='ltr'><strong>puncto</strong></span> <span class='ocrx_word' id='word_1_258' title='bbox 348 3773 409 3853; x_wconf 84' lang='lat' dir='ltr'><strong>sito</strong></span> <span class='ocrx_word' id='word_1_259' title='bbox 428 3772 468 3837; x_wconf 91' lang='lat' dir='ltr'><strong>ad</strong></span> <span class='ocrx_word' id='word_1_260' title='bbox 487 3772 607 3837; x_wconf 90' lang='lat' dir='ltr'><strong>finitam</strong></span> <span class='ocrx_word' id='word_1_261' title='bbox 628 3771 826 3836; x_wconf 88' lang='lat' dir='ltr'><strong>distantiam:</strong></span> <span class='ocrx_word' id='word_1_262' title='bbox 853 3780 884 3836; x_wconf 91' lang='lat' dir='ltr'><strong>et</strong></span> <span class='ocrx_word' id='word_1_263' title='bbox 907 3771 990 3857; x_wconf 88' lang='lat' dir='ltr'><strong>quod</strong></span> <span class='ocrx_word' id='word_1_264' title='bbox 1010 3770 1125 3835; x_wconf 88' lang='lat' dir='ltr'><strong>valores</strong></span> <span class='ocrx_word' id='word_1_265' title='bbox 1146 3770 1260 3834; x_wconf 90' lang='lat' dir='ltr'><strong>infiniti</strong></span> <span class='ocrx_word' id='word_1_266' title='bbox 1280 3792 1317 3834; x_wconf 85' lang='lat' dir='ltr'><strong>ex</strong></span> 
     </span>
     <span class='ocr_line' id='line_1_32' title="bbox 211 3879 1317 3969; baseline -0.005 -18"><span class='ocrx_word' id='word_1_267' title='bbox 211 3885 345 3951; x_wconf 82' lang='lat' dir='ltr'><strong>formula</strong></span> <span class='ocrx_word' id='word_1_268' title='bbox 362 3886 407 3969; x_wconf 88' lang='lat' dir='ltr'><strong>(l)</strong></span> <span class='ocrx_word' id='word_1_269' title='bbox 426 3883 549 3948; x_wconf 86' lang='lat' dir='ltr'><strong>deducti</strong></span> <span class='ocrx_word' id='word_1_270' title='bbox 565 3882 738 3967; x_wconf 85' lang='lat' dir='ltr'><strong>dependent</strong></span> <span class='ocrx_word' id='word_1_271' title='bbox 755 3904 820 3947; x_wconf 89' lang='lat' dir='ltr'><strong>non</strong></span> <span class='ocrx_word' id='word_1_272' title='bbox 841 3905 877 3947; x_wconf 89' lang='lat' dir='ltr'><strong>ex</strong></span> <span class='ocrx_word' id='word_1_273' title='bbox 896 3904 942 3963; x_wconf 91' lang='lat' dir='ltr'><strong>eo,</strong></span> <span class='ocrx_word' id='word_1_274' title='bbox 960 3881 1102 3967; x_wconf 82' lang='lat' dir='ltr'><strong>quodvis</strong></span> <span class='ocrx_word' id='word_1_275' title='bbox 1124 3881 1164 3945; x_wconf 89' lang='lat' dir='ltr'><strong>sit</strong></span> <span class='ocrx_word' id='word_1_276' title='bbox 1186 3879 1317 3958; x_wconf 84' lang='lat' dir='ltr'><strong>infinita,</strong></span> 
     </span>
     <span class='ocr_line' id='line_1_33' title="bbox 213 3989 1318 4077; baseline -0.007 -14"><span class='ocrx_word' id='word_1_277' title='bbox 213 3998 266 4063; x_wconf 86' lang='lat' dir='ltr'><strong>sed</strong></span> <span class='ocrx_word' id='word_1_278' title='bbox 288 4020 326 4061; x_wconf 88' lang='lat' dir='ltr'><strong>ex</strong></span> <span class='ocrx_word' id='word_1_279' title='bbox 347 3996 469 4061; x_wconf 88' lang='lat' dir='ltr'><strong>infinita</strong></span> <span class='ocrx_word' id='word_1_280' title='bbox 490 3994 691 4059; x_wconf 89' lang='lat' dir='ltr'><strong>multitudine</strong></span> <span class='ocrx_word' id='word_1_281' title='bbox 705 3994 829 4059; x_wconf 85' lang='lat' dir='ltr'><strong>virtuali</strong></span> <span class='ocrx_word' id='word_1_282' title='bbox 850 3993 1043 4071; x_wconf 88' lang='lat' dir='ltr'><strong>instantium,</strong></span> <span class='ocrx_word' id='word_1_283' title='bbox 1059 4014 1127 4077; x_wconf 87' lang='lat' dir='ltr'><strong>quae</strong></span> <span class='ocrx_word' id='word_1_284' title='bbox 1148 3989 1318 4057; x_wconf 89' lang='lat' dir='ltr'><strong>includitur</strong></span> 
     </span>
     <span class='ocr_line' id='line_1_34' title="bbox 211 4102 1317 4191; baseline -0.006 -18"><span class='ocrx_word' id='word_1_285' title='bbox 211 4110 245 4174; x_wconf 91' lang='lat' dir='ltr'><strong>in</strong></span> <span class='ocrx_word' id='word_1_286' title='bbox 264 4109 386 4173; x_wconf 87' lang='lat' dir='ltr'><strong>unitate</strong></span> <span class='ocrx_word' id='word_1_287' title='bbox 407 4106 554 4191; x_wconf 89' lang='lat' dir='ltr'><strong>temporis</strong></span> <span class='ocrx_word' id='word_1_288' title='bbox 574 4105 732 4170; x_wconf 86' lang='lat' dir='ltr'><strong>arbitrarie</strong></span> <span class='ocrx_word' id='word_1_289' title='bbox 754 4113 922 4190; x_wconf 87' lang='lat' dir='ltr'><strong>assumpta.</strong></span> <span class='ocrx_word' id='word_1_290' title='bbox 968 4104 1060 4169; x_wconf 89' lang='lat' dir='ltr'><strong>Unde</strong></span> <span class='ocrx_word' id='word_1_291' title='bbox 1079 4103 1194 4169; x_wconf 86' lang='lat' dir='ltr'><strong>valores</strong></span> <span class='ocrx_word' id='word_1_292' title='bbox 1216 4102 1250 4166; x_wconf 94' lang='lat' dir='ltr'><strong>hi</strong></span> <span class='ocrx_word' id='word_1_293' title='bbox 1269 4104 1317 4167; x_wconf 91' lang='lat' dir='ltr'><strong>in-</strong></span> 
     </span>
     <span class='ocr_line' id='line_1_35' title="bbox 212 4214 1317 4306; baseline -0.005 -22"><span class='ocrx_word' id='word_1_294' title='bbox 212 4221 294 4285; x_wconf 90' lang='lat' dir='ltr'><strong>finiti</strong></span> <span class='ocrx_word' id='word_1_295' title='bbox 316 4227 391 4284; x_wconf 87' lang='lat' dir='ltr'><strong>sunt</strong></span> <span class='ocrx_word' id='word_1_296' title='bbox 413 4217 541 4297; x_wconf 90' lang='lat' dir='ltr'><strong>relativi,</strong></span> <span class='ocrx_word' id='word_1_297' title='bbox 557 4217 731 4306; x_wconf 70' lang='lat' dir='ltr'><strong>etinfinite</strong></span> <span class='ocrx_word' id='word_1_298' title='bbox 753 4225 900 4303; x_wconf 89' lang='lat' dir='ltr'><strong>superant</strong></span> <span class='ocrx_word' id='word_1_299' title='bbox 913 4215 1093 4281; x_wconf 81' lang='lat' dir='ltr'><strong>absolutam</strong></span> <span class='ocrx_word' id='word_1_300' title='bbox 1116 4224 1147 4281; x_wconf 91' lang='lat' dir='ltr'><strong>et</strong></span> <span class='ocrx_word' id='word_1_301' title='bbox 1168 4214 1317 4281; x_wconf 88' lang='lat' dir='ltr'><strong>actualem</strong></span> 
     </span>
     <span class='ocr_line' id='line_1_36' title="bbox 213 4324 1050 4398; baseline -0.017 0"><span class='ocrx_word' id='word_1_302' title='bbox 213 4332 364 4398; x_wconf 88' lang='lat' dir='ltr'><strong>actionem</strong></span> <span class='ocrx_word' id='word_1_303' title='bbox 379 4329 435 4395; x_wconf 87' lang='lat' dir='ltr'><strong>vis.</strong></span> <span class='ocrx_word' id='word_1_304' title='bbox 1046 4324 1050 4331; x_wconf 86' lang='lat'>&#39;</span> 
     </span>
    </p>
   </div>
   <div class='ocr_carea' id='block_1_8' title="bbox 0 0 1615 4984">
    <p class='ocr_par' dir='ltr' id='par_1_9' title="bbox 0 0 1615 4984">
     <span class='ocr_line' id='line_1_37' title="bbox 0 0 1615 4984; baseline 0 0"><span class='ocrx_word' id='word_1_305' title='bbox 0 0 1615 4984; x_wconf 95' lang='lat' dir='ltr'><strong> </strong></span> 
     </span>
    </p>
   </div>
  </div>
 </body>
</html>
