3200 4984
278 363 323 424 58
694 380 736 423 nn
753 378 940 423 rnrncrrrrs
1223 360 1310 444 [can.
1327 380 1382 422 111.

277 541 518 621 renoventur
533 540 686 607 reflectere
699 541 800 607 lucem
817 560 907 607 esua
922 538 1091 627 superficie,
1103 541 1239 627 pondere
1253 564 1309 607 suo
1324 541 1383 605 elia

276 674 423 739 premere,
445 651 585 719 resistere
608 651 696 717 alteri
719 653 838 737 corpori
864 653 897 719 in
927 675 960 717 se
983 652 1180 739 impingenti,
1210 661 1242 719 et
1271 653 1383 720 horum

276 764 397 845 similia,
412 762 568 828 evidenter
582 763 809 848 paralogizaret.
842 764 925 829 Nam
939 765 1012 831 licet
1025 765 1124 851 possit
1139 764 1199 829 dici
1214 774 1296 831 recte
1310 788 1381 833 cum

277 876 310 941 S.
325 874 463 940 'l'bomaz
487 874 684 958 Mamffestum
706 883 750 940 est
773 876 854 959 quod
870 878 1002 959 prienam
1025 898 1083 959 pao
1107 899 1212 961 corpus
1236 879 1318 954 vicit,
1339 886 1384 941 est

276 988 385 1065 enimn
400 1008 463 1051 non
479 992 582 1049 tamen
599 994 700 1070 potest
715 984 794 1051 dici:
819 987 1018 1071 Manifestum
1032 997 1078 1053 est
1092 988 1172 1072 quod
1178 989 1310 1073 puniam
1325 1012 1383 1072 peso

276 1120 382 1181 eorpus
394 1097 523 1162 secludit
537 1119 556 1160 a
569 1119 602 1162 se
615 1097 699 1161 atiud
711 1120 826 1181 capus,
841 1106 886 1163 est
900 1100 1017 1164 animm
1040 1099 1099 1165 hoc
1113 1099 1195 1164 enim
1211 1121 1269 1165 nec
1284 1100 1382 1188 mani·

277 1210 391 1275 festum
406 1217 462 1288 est,
478 1231 535 1273 nee
554 1230 671 1273 verum.
718 1208 874 1293 Sequitur,
890 1218 1108 1294 argumentum
1125 1210 1157 1275 S.
1174 1210 1300 1275 Thomas
1317 1234 1383 1275 csse

277 1320 513 1406 intelligendum
528 1319 566 1384 de
580 1342 617 1385 eo
631 1342 727 1404 apere,
742 1320 827 1405 quod
841 1330 888 1385 est
898 1324 1002 1402 vivae,
1018 1330 1054 1386 ut
1069 1322 1200 1407 ipsemet
1214 1322 1360 1407 intelligit
1373 1348 1383 1400 3

277 1434 360 1499 unde
383 1433 449 1498 eius
474 1432 613 1517 probatio
636 1431 826 1497 demonstret
850 1441 973 1497 tantum
1000 1432 1133 1499 animam
1156 1454 1223 1499 esse
1246 1432 1383 1518 primum

277 1555 379 1612 actum
394 1544 517 1610 vitalem
530 1528 666 1628 corporis
681 1543 821 1622 viventis,
837 1552 868 1607 ct
883 1543 1016 1608 animam
1034 1543 1106 1607 dare
1124 1542 1243 1628 corpori
1251 1545 1384 1628 primm

277 1681 338 1724 esse
351 1660 456 1735 mcum,
470 1678 534 1719 non
549 1678 619 1721 vero
628 1657 759 1739 puerum
773 1676 835 1719 esse
848 1656 1055 1723 substantium.
1100 1654 1204 1731 Quare
1218 1654 1321 1719 anima
1335 1664 1383 1719 est

278 1768 378 1832 forma
391 1766 545 1830 vivificans
565 1773 596 1829 et
614 1765 805 1830 constituens
824 1765 925 1851 primo
947 1773 978 1829 ct
1000 1765 1204 1831 essentialiter
1218 1766 1381 1848 viventem,

279 1902 340 1943 non
356 1886 458 1943 autern
473 1878 571 1942 torma
585 1877 699 1942 faciens
714 1899 825 1962 corpus
840 1899 906 1943 esse
922 1876 1138 1947 substantiam.
1185 1878 1321 1963 Ideoque
1334 1887 1388 1941 est·

277 1991 377 2055 forma
397 1988 546 2053 naturalis
567 1987 706 2067 viventis,
728 2010 792 2052 non
815 1986 1045 2055 substantialis:
1076 2012 1174 2074 quum
1195 1989 1295 2055 vivere
1317 2012 1383 2055 cor·

277 2101 360 2188 poris
374 2122 438 2166 non
453 2100 493 2164 sit
508 2097 680 2165 substantia
694 2098 770 2178 eius,
785 2098 840 2163 sed
854 2100 931 2184 quid
945 2100 1097 2167 additum.

322 2214 362 2279 In
386 2220 454 2278 toto
476 2211 530 2275 illo
552 2208 680 2275 articulo
702 2209 734 2274 S.
749 2210 883 2275 Thomas
908 2209 1031 2278 nullum
1057 2212 1142 2281 aliud
1163 2222 1383 2298 argumentum
1417 2210 1422 2218 '

277 2325 411 2405 adducit,
426 2346 481 2410 per
500 2323 584 2409 quod
603 2321 755 2398 ostendat,
771 2344 804 2385 se
821 2322 939 2407 aliquid
958 2321 1028 2408 plus
1043 2324 1173 2409 exigere,
1188 2348 1281 2410 quam
1297 2325 1382 2409 quod

277 2438 379 2505 anima
401 2437 442 2503 sit
458 2439 576 2521 primm
598 2443 682 2499 actus
704 2435 846 2500 viventis:
869 2443 900 2498 et
926 2456 994 2519 quae
1017 2435 1061 2499 ibi
1084 2435 1181 2514 addit,
1206 2435 1383 2521 diriguntur

277 2549 455 2635 simpliciter
480 2547 516 2613 ad
541 2544 804 2613 confirmationem
827 2544 912 2620 allati
934 2548 1110 2631 argumenti
1131 2556 1237 2611 contra
1251 2569 1312 2625 eos,
1328 2547 1382 2631 qui

278 2664 412 2727 animm
431 2665 598 2746 posuerant
613 2680 679 2723 esse
693 2666 833 2721 nwterem
847 2657 992 2741 corporis,
1009 2681 1072 2722 non
1086 2658 1228 2722 formam.
1275 2657 1381 2733 Quum

277 2796 347 2838 vero
370 2795 427 2838 nos
453 2770 651 2835 admittamus
674 2768 810 2845 omnino,
835 2768 969 2833 animam
992 2792 1058 2833 esse
1081 2769 1211 2833 formam
1237 2769 1381 2854 corporis,

278 2885 411 2951 rationes
436 2907 454 2947 a
477 2884 507 2946 S.
524 2882 642 2945 Thomu
664 2881 760 2945 iactas
783 2888 890 2945 contra
914 2903 986 2955 suos
1012 2860 1082 2945 illos
1107 2880 1293 2946 adversarios
1319 2902 1382 2944 non

278 2996 453 3081 indigemus
467 2993 518 3057 hic
532 2992 693 3076 attingere.

322 3112 376 3175 52.
401 3106 462 3172 Sed
483 3105 564 3169 idem
589 3106 621 3169 S.
637 3104 770 3167 Thomas
793 3104 836 3187 (p.
853 3106 883 3167 1.
900 3125 932 3187 q.
949 3102 1000 3169 76.
1016 3125 1044 3168 a.
1059 3104 1103 3185 4.)
1129 3102 1240 3189 quaerit
1262 3102 1383 3183 deinde,

278 3231 377 3287 utum
390 3222 423 3283 in
437 3219 552 3282 homine
564 3218 606 3281 sit
620 3217 681 3280 alio
689 3216 793 3299 fotura
801 3222 913 3298 preter
933 3216 1061 3278 unimam
1080 3215 1296 3281 intellectivam.
1340 3216 1383 3280 Et

278 3332 441 3418 respondet
455 3329 605 3414 negative.
651 3328 730 3391 Rem
744 3334 848 3391 autem
864 3327 907 3391 sic
921 3324 1075 3403 ostendit:
1104 3326 1160 3391 Au
1171 3328 1255 3391 cuius
1268 3328 1381 3391 niden-

277 3449 351 3511 tiom
364 3443 602 3509 anstrannum
616 3449 670 3520 est,
685 3439 875 3524 quodforma
888 3439 1092 3503 substentetis
1113 3440 1146 3502 in
1160 3435 1222 3504 'loc
1244 3463 1263 3504 a
1278 3439 1382 3524 sermo

278 3558 453 3624 commisti
466 3556 576 3639 differt,
587 3552 773 3637 quodsormo
787 3550 977 3615 contentatis
991 3572 1050 3613 nen
1064 3550 1116 3617 dut
1130 3573 1191 3616 esee
1200 3552 1382 3634 simpliciter,

276 3673 330 3737 sed
337 3693 399 3734 esse
413 3669 493 3742 tate,·
514 3668 592 3732 sieut
606 3666 687 3730 οαίυν
695 3665 778 3749 socit
791 3686 876 3728 snum
890 3664 1051 3727 subiectum
1061 3664 1300 3747 nansimpliciter
1311 3685 1381 3741 esse,

276 3785 330 3849 sed
343 3805 404 3848 esse
427 3782 564 3846 calidum.
608 3779 654 3843 nt
677 3779 751 3856 ideo,
769 3799 834 3840 eum
854 3774 1082 3858 udosnitforrna
1102 3776 1302 3856 contentatis,
1323 3798 1381 3839 non

275 3897 385 3960 dicitur
398 3894 514 3977 aliquid
519 3892 591 3977 ficri
601 3891 648 3955 vet
656 3889 794 3975 pennati
808 3886 989 3970 sinpliciter,
998 3885 1129 3969 sedfieri
1140 3888 1208 3965 tute,
1221 3895 1274 3951 out
1282 3888 1381 3970 utiquo

275 4007 359 4072 modo
373 4028 405 4071 se
419 4007 549 4079 lubeas‚·
571 4011 601 4067 et
614 4001 762 4078 similiter,
778 4022 844 4063 cum
864 3998 973 4064 recedit
988 3996 1092 4081 sermo
1110 3998 1309 4077 contentatis,
1324 4020 1382 4063 non

277 4121 385 4185 dicitur
405 4115 522 4200 aliquid
531 4114 688 4197 corrumpi
707 4110 892 4195 simpliciter,
906 4109 960 4173 sed
977 4110 1132 4173 secundum
1148 4110 1228 4193 quid.
1273 4112 1382 4174 Forma

276 4241 375 4296 nutem
387 4226 591 4294 sustantialis
604 4226 657 4290 dot
671 4246 732 4288 esse
744 4221 918 4306 simpliciter
930 4248 940 4283 :
964 4230 993 4286 et
1009 4221 1073 4285 ideo
1081 4244 1139 4305 per·
1153 4224 1216 4286 eius
1227 4222 1382 4287 demtum

276 4346 384 4408 dicitur
394 4340 510 4425 aliquid
520 4337 692 4422 simpliciter
702 4336 850 4420 pancrati,
867 4341 896 4398 et
907 4355 965 4417 per
979 4335 1041 4399 eius
1055 4354 1197 4399 recessum
1211 4334 1383 4418 simpliciter
