3200 4984
237 364 309 407 oar.
328 344 384 428 ra]
564 365 607 407 oa
623 366 825 411 suasranrra
842 368 1022 413 ooaronal.
1279 354 1339 419 151

234 530 338 594 minus
361 530 456 595 trahit
482 539 605 609 terram,
627 530 751 616 quando
774 530 849 595 luna
874 540 921 595 est
945 533 977 595 in
1002 532 1227 613 coniunctione,
1245 556 1338 619 quam

234 640 358 726 quando
377 642 453 705 luna
472 650 521 704 est
543 640 575 705 iu
596 641 806 725 oppositione:
830 651 860 705 et
880 651 993 721 tamen,
1009 643 1132 727 quando
1150 643 1224 709 luna
1244 646 1338 709 estin

233 752 457 831 coniunctione,
473 752 552 815 actio
575 751 656 830 solis,
672 762 836 837 antequam
857 754 1013 837 perveniat
1032 754 1072 819 ad
1088 763 1212 834 terram,
1228 757 1338 821 transit

233 885 287 946 per
300 863 417 943 lunam,
433 872 464 927 et
478 864 544 948 agit
558 863 591 928 in
606 886 682 927 eam.
730 864 878 929 Similiter
899 874 979 929 terra
1001 887 1065 929 non
1087 866 1190 931 minus
1210 867 1337 932 attrahit

233 997 326 1039 unam
342 984 464 1059 guttam
483 997 581 1060 aquae,
596 974 719 1059 quando
739 975 805 1060 agit
827 976 860 1039 iu
879 975 992 1041 multos
1010 976 1161 1042 milliones
1177 987 1335 1062 guttarum

232 1086 372 1167 aliarum,
388 1110 480 1172 quam
496 1109 593 1171 quum
609 1087 673 1171 agit
688 1087 721 1150 in
736 1086 822 1151 illam
838 1087 944 1152 solam.

275 1199 459 1284 Respondeo
472 1223 502 1262 n.
526 1200 577 1262 M.
592 1198 631 1263 ad
646 1198 858 1283 probationem
880 1221 910 1262 n.
926 1208 988 1263 ant.
1012 1206 1044 1263 et
1067 1198 1192 1263 adeius
1213 1198 1334 1284 probat.

229 1334 260 1374 n.
276 1320 336 1374 aaut.
353 1320 382 1375 et
397 1332 512 1395 corueq.
556 1310 639 1374 Nam
654 1310 740 1374 nulla
761 1332 853 1374 causa
868 1309 1046 1375 debilitatur
1059 1333 1115 1395 per
1128 1310 1186 1375 hoc
1201 1314 1334 1396 praecise,

230 1422 313 1506 quod
333 1422 481 1507 producat
501 1445 592 1487 suum
607 1420 751 1485 effectum
774 1421 956 1499 naturalem,
977 1420 1030 1486 sed
1045 1445 1099 1507 per
1119 1423 1179 1486 hoc
1200 1432 1334 1503 tantum,

229 1533 310 1617 quod
325 1532 358 1596 in
373 1555 409 1597 eo
423 1532 621 1619 producendo
635 1533 771 1617 patiatur
779 1532 963 1597 reactiouem
974 1533 1147 1618 quamdam,
1158 1557 1227 1620 quae
1237 1536 1334 1620 possit

227 1666 295 1707 eam
325 1635 497 1742 immutari,
523 1644 660 1723 alterare,
684 1666 887 1729 corrumpere.
933 1644 1025 1721 Quod
1054 1646 1080 1709 si
1103 1646 1212 1710 accidit
1243 1669 1331 1732 saepe,

228 1756 323 1820 immo
342 1756 502 1835 ordinarie,
518 1757 552 1819 in
566 1756 666 1820 causis
684 1778 814 1840 quarum
830 1756 990 1821 causalitas
1010 1756 1107 1821 oritur
1127 1780 1164 1822 ex
1178 1758 1334 1842 conspira-

228 1869 312 1932 tione
325 1869 461 1954 plurium
477 1868 697 1953 principiorum
713 1868 891 1947 activorum,
904 1890 1063 1953 nunquam
1080 1868 1214 1933 accidere
1231 1878 1332 1953 potest

228 1982 260 2045 in
275 1982 375 2045 causis
389 1980 589 2065 simplicibus,
605 1980 710 2065 quales
725 1989 798 2044 sunt
820 1980 970 2044 elementa
985 1981 1137 2060 materiae,
1160 1988 1234 2045 suut
1249 1981 1332 2045 enim

226 2114 351 2175 prorsus
376 2091 618 2177 incorruptibilia
643 2100 674 2155 et
694 2091 893 2176 impassibilia
919 2093 1138 2177 cuiuscumque
1160 2092 1332 2159 intrinsecae

225 2204 422 2268 alterationis.
469 2204 544 2267 Haec
556 2227 628 2287 ergo
644 2203 794 2267 elementa
803 2226 865 2268 nou
877 2204 1076 2268 debilitantur
1085 2204 1214 2288 agendo,
1225 2204 1330 2286 immo,

224 2326 261 2377 ut
275 2315 319 2378 ita
334 2316 443 2395 dicam,
458 2315 557 2400 magis
568 2316 768 2399 perficiuntur
779 2315 932 2379 extensive
946 2324 977 2379 et
989 2315 1165 2396 extrinsece,
1178 2324 1330 2400 quatenus

225 2449 331 2490 eorum
356 2427 494 2511 potentia
520 2427 617 2491 activa
638 2426 749 2491 transit
771 2427 804 2489 in
831 2435 942 2491 actum.
987 2427 1029 2489 Et
1058 2426 1120 2491 iam
1145 2427 1329 2508 notavimus,

222 2519 392 2622 potentiam
415 2539 495 2602 hanc
512 2561 575 2602 non
595 2518 745 2616 consumi,
768 2560 824 2603 nec
840 2536 991 2601 exhauriri
1006 2537 1097 2601 etiam
1112 2538 1281 2622 partialiter
1295 2539 1329 2603 in

223 2650 421 2734 producendo
436 2673 492 2714 suo
506 2651 628 2714 effectu.
672 2650 715 2713 Et
730 2649 904 2713 confirmari
920 2657 1039 2734 potest:
1056 2671 1128 2713 nam
1140 2649 1204 2713 haec
1219 2659 1328 2734 poten-

223 2762 267 2824 tia
296 2762 410 2826 motiva
438 2784 502 2825 non
530 2760 623 2825 habet
653 2760 777 2847 aliquod
807 2760 1005 2838 contrarium,
1031 2783 1048 2824 a
1070 2782 1132 2845 quo
1157 2760 1327 2847 quidquam

222 2874 368 2958 patiatur.
415 2871 449 2937 si
463 2872 546 2958 quod
560 2873 643 2937 euim
658 2882 738 2936 esset
753 2871 799 2935 illi
815 2872 1010 2950 contrarium,
1027 2881 1106 2935 esset
1117 2872 1175 2936 alia
1186 2873 1325 2957 quaedam

222 2985 288 3049 vis:
311 2985 365 3049 sed
390 2984 476 3048 nulla
496 2984 554 3048 alia
575 2985 621 3048 vis
638 2985 703 3068 agit
723 2984 756 3047 iu
776 2984 848 3062 vim,
868 3006 966 3068 quum
988 2984 1033 3047 vis
1059 2993 1135 3067 agat
1152 2992 1274 3049 tautum
1293 2985 1324 3049 iu

221 3095 389 3174 materiam,
412 3118 481 3181 quae
498 3095 562 3159 sola
583 3094 675 3159 habet
695 3095 864 3179 potentiam
885 3095 1065 3179 receptivam
1083 3103 1196 3160 motus.
1241 3096 1325 3180 Ergo

221 3208 266 3269 vis
288 3207 386 3271 activa
402 3206 546 3270 elementi
567 3205 739 3270 nonhabet
761 3207 949 3271 contrarium
960 3232 970 3283 ;
993 3228 1065 3290 ergo
1088 3229 1150 3271 non
1173 3207 1325 3273 minuitur

219 3342 274 3403 per
288 3318 475 3383 exercitium,
519 3318 612 3402 Ilrgo,
629 3318 826 3403 quantumvis
850 3318 889 3381 sit
910 3318 1007 3396 finita,
1025 3326 1127 3402 potest
1145 3319 1265 3383 extendi
1284 3320 1323 3384 ad

218 3432 345 3495 effeetus
360 3431 517 3514 pauciores
532 3430 579 3493 vel
593 3429 707 3514 plures,
723 3429 803 3493 nihil
818 3429 973 3514 perdendo
989 3430 1027 3493 de
1043 3452 1099 3494 sua
1114 3431 1277 3496 activitate.

262 3532 353 3618 Quod
376 3551 478 3605 autem
501 3540 623 3604 additur
644 3563 681 3604 ex
702 3539 920 3620 observatione,
943 3549 989 3604 est
1014 3541 1205 3605 verissimum
1216 3568 1227 3621 3
1250 3565 1322 3607 nam

215 3656 294 3719 vires
311 3654 446 3719 materiae
464 3652 734 3737 (quemadmodum
758 3651 879 3737 physici
903 3659 933 3716 et
954 3652 1123 3716 mechanici
1146 3675 1254 3718 omnes
1275 3678 1320 3718 re-

217 3765 366 3830 centiores
390 3765 511 3848 docent)
536 3772 676 3827 exercent
698 3764 848 3826 actionem
872 3762 1131 3847 proportionalem
1155 3765 1272 3843 massis,
1288 3766 1321 3829 in

217 3900 293 3963 quas
307 3886 424 3961 agunt;
446 3885 478 3940 et
498 3876 541 3939 sic
555 3875 634 3939 actio
648 3874 742 3937 unius
756 3874 900 3937 elementi
921 3873 1152 3959 multiplicatur,
1168 3884 1317 3959 quantum

215 3988 459 4073 multiplicantur
474 3987 623 4051 elementa
637 3984 670 4049 in
686 3985 795 4070 spatio.
831 3984 940 4050 Obiter
950 3996 1052 4049 autem
1064 3986 1114 4051 hic
1125 3986 1318 4053 recolendum

214 4111 271 4179 est,
287 4101 421 4165 actiones
444 4098 581 4183 singulas
603 4097 762 4162 entitative
780 4096 985 4161 consideratas
1006 4120 1070 4161 esse
1093 4100 1317 4180 infinitesimas,

213 4224 248 4275 ut
272 4221 429 4275 ostensum
452 4219 499 4273 est
515 4232 616 4294 supra,
635 4231 691 4271 nec
710 4208 776 4270 fieri
795 4208 908 4286 finitas,
931 4208 988 4271 nisi
1011 4209 1127 4274 ratione
1147 4210 1317 4275 durationis

214 4321 398 4386 includentis
413 4320 583 4385 virtualiter
593 4320 714 4383 infinita
729 4319 885 4382 instantia.
