3200 4984
296 376 362 439 2⁷6
646 400 688 443 uu
705 400 824 445 rnraus
840 400 1030 445 courruurs.
1255 379 1344 463 [car.
1362 396 1401 438 11.

300 562 436 649 pendens
458 585 476 626 a
498 584 691 650 quocumque
707 578 793 629 motu
807 575 918 644 cresto,
933 564 1112 641 immobilis,
1126 561 1338 641 immutabilis,
1353 561 1401 623 in-

301 674 470 754 divisibilis,
486 675 653 741 formaliter
667 677 804 762 simplex,
821 678 891 742 licet
906 677 1075 743 virtualiter
1089 687 1223 741 extensa.

345 788 398 851 36.
422 784 577 861 Quaeritur
599 789 833 874 quintanorum
846 790 953 872 flocus
973 797 1069 855 motos
1091 789 1183 853 eremi
1196 788 1358 869 recioiotur
1372 786 1403 847 ia

303 899 456 964 duratione
470 909 576 965 stunt.
622 886 625 891 ¹

347 1010 540 1095 Respondeo,
555 1010 745 1076 durationem
766 1020 898 1077 stantem
917 1012 994 1077 nihil
1015 1017 1148 1098 recipere
1161 1011 1335 1087 intrinsece,
1350 1008 1403 1072 scd

303 1132 425 1187 tantum
443 1125 597 1211 acquirere
618 1146 729 1188 novam
752 1123 1031 1189 denominationem
1047 1132 1078 1189 et
1092 1122 1338 1187 terminationem
1353 1143 1403 1183 ex-

305 1233 476 1299 trinsecam.
523 1235 605 1299 Nam
628 1234 796 1299 virtualiter
826 1235 1005 1301 [eternitatis
1034 1235 1147 1300 divinae
1172 1243 1220 1299 est
1241 1233 1405 1298 intrinsece

304 1345 522 1411 immutabilis:
545 1346 616 1431 quia
636 1346 790 1411 aeternitas
805 1346 876 1425 Dei,
891 1345 961 1412 licet
982 1347 1022 1411 sit
1037 1369 1107 1412 vera
1128 1355 1159 1413 ct
1173 1345 1261 1411 realis
1275 1344 1405 1431 possibi-

304 1457 375 1521 litas
390 1471 492 1522 motus
508 1458 679 1536 successivi,
695 1468 797 1523 tamen
813 1459 930 1525 nullam
946 1459 1039 1524 habet
1052 1458 1305 1546 potentialitatem
1324 1456 1406 1520 intra

306 1592 348 1649 se,
364 1570 418 1633 sed
440 1577 487 1634 est
512 1577 578 1635 tota
599 1581 671 1635 actu
694 1569 728 1633 in
752 1593 784 1633 se
807 1570 874 1655 ipsa
897 1579 1001 1635 stans:
1024 1571 1056 1635 in
1072 1592 1134 1656 quo
1152 1580 1233 1635 stare
1246 1578 1318 1633 actu
1333 1577 1406 1633 sont

306 1680 476 1745 eminenter
492 1703 598 1765 omnes
615 1680 776 1767 possibiles
796 1682 1007 1768 qnandeitates
1026 1682 1156 1747 fluentes
1171 1682 1309 1745 omnium
1324 1702 1406 1744 crea·

305 1791 424 1856 biliom.
471 1793 564 1873 Hinc,
587 1793 689 1879 posito
709 1803 780 1858 ente
801 1794 836 1859 in
856 1803 955 1874 motu,
978 1794 1056 1859 nihil
1077 1793 1162 1858 aliud
1184 1793 1332 1878 sequitur,
1347 1790 1407 1855 nisi

306 1904 388 1989 quod
409 1904 466 1969 hoc
488 1904 590 1990 ipsum
611 1928 666 1970 ens
687 1905 815 1991 incipiat
837 1906 949 1971 habere
968 1929 1055 1970 suam
1078 1905 1236 1970 formalem
1259 1902 1406 1989 qnandei-

305 2025 399 2079 tatem
415 2015 476 2080 sihi
489 2015 695 2095 intrinsecam,
711 2038 766 2101 per
780 2039 873 2102 quam
895 2017 1092 2103 respondebit
1114 2016 1277 2082 aeternitati
1295 2015 1406 2080 divinae

306 2136 342 2191 ut
360 2127 500 2192 existenti
520 2128 689 2193 eminenter
709 2128 742 2193 in
765 2129 868 2194 cadem
890 2130 1106 2215 qnandeitate:
1137 2128 1192 2193 sed
1212 2128 1292 2192 nihil
1312 2134 1407 2213 ponet

306 2238 339 2301 in
351 2239 520 2304 eternitate
531 2240 607 2325 ipsa,
620 2262 681 2326 quo
692 2240 776 2304 illam
787 2240 952 2307 intrinsece
963 2242 1073 2307 afficiat
1085 2267 1096 2320 3
1117 2239 1195 2305 nihil
1208 2241 1289 2304 enim
1306 2248 1408 2324 posset

305 2372 428 2435 ponere,
444 2351 504 2416 nisi
518 2351 731 2416 formalitatem
747 2376 809 2417 suae
824 2353 1038 2438 qnandeitatis‚
1054 2376 1108 2417 seu
1123 2352 1406 2417 determinationem

307 2461 347 2526 ad
361 2462 439 2527 illud
454 2464 569 2547 quondo
585 2464 754 2528 durationis
770 2464 964 2529 successivae:
987 2465 1052 2529 haec
1074 2474 1177 2529 autem
1197 2462 1408 2528 determinatio

308 2574 458 2638 contraria
473 2582 519 2637 est
534 2574 696 2638 aeternitati
709 2601 716 2639 :
740 2583 770 2639 ct
786 2574 855 2640 ideo
869 2576 978 2660 nequit
992 2597 1058 2639 esse
1072 2575 1105 2639 in
1120 2575 1187 2660 ipsa
1201 2572 1378 2638 eternitate.

352 2689 405 2751 37.
430 2685 513 2750 Hinc
528 2687 643 2770 quoodo
657 2696 792 2753 creatum
808 2708 871 2750 non
886 2697 933 2751 est
948 2686 1006 2750 nisi
1021 2688 1172 2751 terminus
1187 2685 1275 2749 realis
1294 2684 1408 2749 extrin-

309 2819 405 2875 secus,
422 2821 475 2882 per
490 2821 581 2883 quem
597 2821 651 2862 cns
665 2799 765 2863 fluens
780 2799 872 2863 refert
887 2800 1021 2885 seipsum
1036 2799 1076 2863 ad
1090 2798 1300 2863 aeternitatem.
1327 2797 1409 2860 Nam

309 2910 424 2993 quoodo
449 2910 549 2974 fluens
568 2911 648 2975 entis
674 2933 737 2976 non
760 2920 807 2975 est
833 2910 865 2975 in
888 2911 1057 2976 aeternitate
1082 2923 1239 2996 tamquam
1265 2908 1410 2985 subiecto,

310 3042 406 3105 quum
427 3021 468 3083 sit
489 3020 522 3083 in
540 3030 611 3085 ente
628 3024 761 3086 fluente:
785 3030 832 3085 est
852 3043 925 3106 ergo
942 3022 975 3084 in
996 3022 1164 3086 eternitate
1180 3030 1337 3105 tamquam
1353 3018 1409 3083 sibi

311 3132 564 3217 correspondente
586 3156 640 3218 per
657 3132 793 3198 eamdem
813 3133 1050 3219 qnandeitatem,
1065 3132 1136 3198 licet
1158 3132 1273 3196 diversa
1288 3153 1413 3215 prorsus

312 3243 438 3323 ratione,
454 3244 486 3307 id
501 3253 547 3307 est
562 3267 625 3308 non
640 3244 817 3325 formaliter,
827 3245 882 3309 sed
892 3245 1062 3310 virtualiter
1076 3253 1107 3308 et
1122 3246 1300 3308 eminenter.
1336 3243 1411 3307 Haec

313 3355 580 3439 correspondentia
600 3365 725 3420 vocatur
744 3357 979 3421 simultaneitac:
1008 3364 1040 3420 et
1057 3354 1135 3419 nihil
1152 3355 1236 3419 aliud
1255 3354 1413 3438 importat,

314 3466 373 3530 nisi
388 3468 579 3531 existentiam
594 3467 687 3531 unius
699 3489 768 3531 cum
781 3467 886 3547 altero,
899 3467 931 3531 id
942 3476 989 3531 est
1003 3467 1182 3532 relationem
1196 3466 1412 3530 consistentem

314 3579 346 3643 in
362 3578 429 3658 hoc,
445 3579 527 3664 qnod
546 3603 601 3644 ens
624 3601 717 3664 capax
739 3578 910 3643 durationis
931 3579 1056 3644 fluentis
1078 3601 1242 3664 persuum
1264 3578 1414 3643 existendi

314 3691 438 3756 modum
455 3691 564 3755 realem
581 3691 613 3754 in
632 3712 688 3754 suc
712 3691 826 3775 quoodo
846 3690 978 3770 formali,
993 3690 1131 3755 imitetur
1148 3688 1269 3754 realiter
1287 3680 1412 3753 modum

313 3803 462 3867 existendi
484 3802 669 3866 eminentem
691 3802 869 3866 eternitatis
883 3803 943 3866 Dei
965 3802 998 3866 in
1020 3803 1125 3867 eodem
1142 3802 1266 3886 quondo
1311 3800 1417 3878 Quare

315 3915 464 4000 quidquid
480 3937 565 3979 novae
581 3914 725 3979 realitatis
740 3914 904 3978 comitatur
913 3914 1103 3978 existentiam
1115 3914 1261 3977 fluentem
1271 3924 1416 3977 creatorae
1454 3983 1462 4003 ,

313 4026 346 4090 in
369 4027 529 4091 duratione
551 4035 662 4104 stante,
678 4034 779 4089 totum
802 4025 941 4089 absolute
963 4025 1108 4111 recipitur
1130 4025 1161 4087 in
1183 4025 1250 4109 ipsa
1267 4033 1414 4103 creatura,

309 4147 350 4201 nt
372 4138 493 4201 realiter
513 4137 718 4201 constituatur
737 4136 769 4200 in
786 4160 843 4201 suo
863 4138 988 4220 wando.
1034 4136 1153 4200 Relatio
1168 4158 1238 4200 vero
1261 4136 1341 4199 inter
1361 4158 1416 4199 ens

313 4262 350 4315 ut
361 4248 495 4312 existens
510 4247 542 4310 in
561 4270 616 4311 suo
636 4248 751 4331 quoodo
769 4247 894 4326 fluente,
910 4257 941 4311 et
960 4248 1162 4312 aeternitatem
1183 4255 1219 4310 ut
1237 4246 1416 4310 existentem

314 4362 346 4423 in
361 4360 464 4422 codem
482 4360 596 4440 quondo
612 4358 790 4435 eminenter,
804 4358 915 4423 dicitur
930 4358 1162 4436 simultaneitas,
1175 4368 1210 4421 ut
1226 4357 1414 4422 dictumest:
