3200 4984
277 336 320 400 32
638 387 643 394 .
705 354 748 398 ns
765 353 951 399 rnrucrrrrs
1235 330 1323 415 [cnr.
1340 351 1378 394 11.

277 521 358 589 inter
376 520 519 608 physicas
538 521 673 586 unitates
691 521 805 587 babere
824 519 995 604 analogiam
1015 517 1107 584 etiam
1127 538 1199 582 cum
1218 517 1377 582 trinitate.

277 630 364 696 Deus
378 631 461 695 enim
477 632 590 696 creavit
604 631 643 696 ad
657 631 823 716 imaginem
836 653 923 695 suam
934 650 1135 715 quacumque
1149 628 1269 706 creavit,
1282 650 1377 713 quum

278 742 362 807 ideas
391 741 577 827 exemplares
605 765 642 808 111
671 734 929 827 'contemplatione
958 763 1022 805 suae
1049 739 1189 804 essentiae
1221 738 1379 824 adaequate

278 859 409 936 sumptae
424 852 547 917 eruerit.

321 964 376 1028 36.
400 961 556 1038 Queritur
570 962 697 1042 decimo,
712 971 813 1028 utrum
830 963 963 1046 qnalibet
979 961 1103 1026 materia
1119 964 1163 1026 sic
1172 963 1324 1045 pertineat
1340 963 1382 1025 ud

278 1077 498 1140 determinatam
505 1076 645 1161 santam,
660 1084 694 1140 ut
708 1083 833 1158 nequeat
847 1076 984 1159 copiarui
997 1098 1062 1137 cum
1076 1074 1148 1138 ulia.

322 1187 504 1272 Respondeo
518 1188 562 1252 ita
575 1211 650 1268 esse,
666 1188 774 1254 saltem
789 1186 849 1251 nisi
860 1194 1051 1272 supponatur
1060 1186 1147 1251 Deus
1158 1188 1276 1250 actione
1288 1209 1380 1271 supra

278 1304 419 1364 naturam
431 1320 540 1364 novam
551 1298 681 1364 formam
696 1299 883 1382 coniungere
895 1321 966 1362 cum
977 1296 1171 1382 praecedenti.
1209 1299 1380 1384 Loquimur

278 1409 361 1474 enim
385 1409 437 1474 bic
463 1409 501 1474 (11
526 1409 633 1474 formis
663 1409 929 1488 substantialibus,
955 1431 1024 1494 quae
1050 1408 1125 1472 dant
1151 1409 1285 1493 primum
1314 1430 1380 1474 esse

279 1520 422 1586 materie.
467 1519 601 1585 Materia
622 1542 692 1585 vero
714 1542 783 1584 cum
808 1543 864 1586 sua
885 1521 983 1583 forma
1005 1519 1198 1583 substantiali
1221 1519 1380 1586 constituit

279 1631 467 1696 elementum
481 1630 647 1711 materiale,
662 1630 746 1716 quod
761 1653 825 1694 non
839 1638 940 1716 potest
957 1630 1105 1713 coniungi
1119 1652 1189 1694 cum
1208 1629 1266 1694 alia
1282 1631 1381 1696 forma

281 1742 373 1810 dante
398 1743 533 1828 primum
559 1765 633 1821 esse,
660 1764 756 1827 quum
783 1741 844 1805 iam
872 1742 921 1821 sit,
945 1741 1005 1804 nisi
1031 1763 1120 1805 suum
1150 1741 1286 1825 primum
1316 1759 1381 1806 esse

249 1939 253 1946 ι
279 1852 410 1932 abiiciat,
439 1861 471 1917 et
501 1861 635 1917 transeat
663 1852 703 1917 ad
730 1861 846 1916 statum
879 1852 1013 1916 materiae
1044 1852 1158 1935 primae,
1186 1852 1297 1916 saltem
1323 1875 1381 1937 pro

280 1964 419 2042 instanti,
432 1964 465 2026 in
481 1986 542 2048 quo
557 1986 635 2028 nova
649 1963 747 2028 forma
763 1961 973 2027 substantialis
988 1962 1119 2029 advenit.
1165 1963 1262 2028 Nullo
1277 1975 1381 2034 autem

280 2074 372 2139 modo
391 2074 510 2159 concipi
529 2082 640 2159 potest,
655 2075 809 2160 quomodo
826 2073 1012 2138 elementum
1030 2073 1127 2158 possit
1144 2074 1272 2139 abiicere
1290 2099 1380 2140 suum

280 2186 415 2271 primum
436 2209 519 2250 esse:
544 2190 578 2250 1⁰
592 2186 663 2273 quia
682 2185 768 2250 nulla
787 2185 944 2249 invenitur
963 2207 1053 2249 causa
1072 2185 1204 2249 efficiens
1221 2187 1381 2267 naturalia,

281 2320 349 2382 quae
370 2298 467 2383 possit
489 2297 595 2362 tollere
616 2298 675 2361 hoc
696 2317 762 2361 esse
783 2295 918 2380 primum
941 2304 972 2359 et
998 2294 1207 2374 substantiale,
1228 2297 1311 2382 quod
1334 2306 1381 2362 est

281 2409 407 2472 existere
432 2409 465 2472 in
495 2430 536 2472 se.
581 2411 616 2481 2⁰
641 2408 723 2492 quia,
751 2415 787 2469 ut
816 2414 952 2471 transeat
981 2405 1167 2470 elementum
1196 2408 1236 2471 ad
1265 2418 1380 2473 statum

281 2519 415 2584 materiae
436 2519 542 2602 primae
563 2540 620 2603 pro
643 2518 732 2582 unico
753 2517 884 2581 instanti
905 2517 1023 2596 saltem,
1045 2540 1167 2582 necesse
1189 2528 1245 2598 est,
1268 2530 1304 2585 ut
1326 2545 1381 2586 ens

281 2630 443 2717 physicum
462 2630 515 2694 fiat
535 2629 779 2715 metaphysicum
798 2651 855 2713 pro
874 2629 928 2693 illo
950 2630 1089 2709 instanti,
1105 2638 1136 2693 et
1154 2631 1276 2696 amittat
1294 2656 1381 2697 suam

281 2742 461 2820 realitatcm,
476 2749 512 2805 ut
530 2749 669 2805 mutetur
688 2740 721 2804 in
740 2763 857 2804 meram
873 2740 1076 2825 privationem
1083 2765 1094 2819 ς
1117 2763 1185 2826 quae
1203 2765 1300 2827 quum
1318 2766 1381 2808 non

282 2853 322 2917 111
337 2851 454 2937 aliquid
467 2851 599 2916 existens
613 2852 647 2915 in
662 2873 764 2916 rernm
779 2858 900 2929 natura,
915 2873 979 2914 non
993 2850 1106 2934 poterit
1118 2873 1238 2915 acausa
1248 2854 1381 2918 naturali

280 2963 413 3048 recipere
433 2961 567 3048 aliquam
592 2963 742 3043 formam5
765 2985 864 3048 quum
889 2985 980 3026 causa
1008 2962 1158 3029 naturalis
1186 2965 1382 3049 praerequirat

280 3075 417 3160 positum
440 3073 474 3136 in
500 3095 602 3138 rerum
625 3083 735 3137 natura
763 3072 806 3152 id,
833 3072 912 3137 circa
937 3072 1022 3158 quod
1045 3082 1198 3157 operatur.
1252 3078 1287 3138 3⁰
1310 3076 1382 3160 quia

280 3187 379 3251 forma
393 3185 446 3249 illa
460 3184 680 3264 substantialis,
692 3207 761 3270 quae
771 3183 825 3249 dat
839 3185 975 3269 primum
985 3207 1051 3248 essa
1061 3184 1212 3249 elemento
1222 3187 1381 3271 materiali,

281 3304 328 3362 est
354 3295 392 3360 de
418 3317 449 3360 11
471 3294 721 3380 incorruptibilis,
745 3317 816 3359 cum
841 3317 905 3359 101
930 3296 1046 3360 oriatur
1067 3319 1103 3360 ex
1126 3296 1227 3381 aliqua
1248 3299 1382 3382 partium

281 3407 499 3492 aggregatione
528 3415 582 3472 aut
611 3406 846 3485 coordinatione,
871 3405 923 3470 sed
950 3407 990 3471 sit
1015 3406 1060 3470 vis
1089 3406 1228 3491 quaedam
1254 3409 1383 3494 simplex

282 3519 368 3584 nullo
391 3518 482 3582 modo
504 3517 687 3582 amissibilis.
733 3519 768 3580 4⁰
787 3517 859 3602 quia
880 3515 979 3580 forma
1000 3517 1106 3581 eadem
1128 3528 1174 3583 est
1196 3519 1382 3604 principium

281 3628 424 3709 activum,
451 3637 482 3692 et
507 3651 571 3692 101
597 3629 761 3713 passivum.
808 3627 971 3711 Corrumpi
997 3636 1100 3692 autem
1126 3638 1173 3692 est
1195 3632 1278 3715 pati;
1309 3654 1383 3716 ergo

281 3741 380 3806 torma
405 3739 615 3804 substantialis
640 3761 697 3804 nec
719 3739 926 3822 corrumpitur
954 3760 1011 3802 nec
1040 3739 1196 3804 alteratur.
1252 3743 1288 3804 50
1311 3743 1383 3828 quia

281 3850 380 3914 forma
396 3849 449 3914 illa
467 3851 603 3934 exsurgit
624 3871 660 3913 ex
679 3849 841 3928 creatione,
856 3857 887 3912 et
908 3870 972 3912 101
995 3873 1033 3914 ex
1052 3849 1154 3934 aliqua
1177 3855 1381 3936 generatione,
1466 3901 1471 3908 ·

282 3970 425 4044 utsupra
440 3960 660 4038 habitumest3
684 3960 790 4043 nequit
810 3982 883 4042 ergo
901 3959 1024 4023 interire
1039 3971 1092 4024 aut
1108 3962 1234 4026 delicere
1251 3965 1312 4028 nisi
1329 3989 1384 4050 per

282 4059 543 4136 annihilationem.
598 4072 632 4134 6⁰
650 4070 732 4155 quia,
750 4070 798 4133 his
820 4071 864 4133 ita
886 4070 1049 4151 stantibus,
1072 4094 1111 4136 ne
1133 4082 1235 4158 potest
1258 4077 1383 4159 quidem

282 4183 415 4267 supponi
429 4182 559 4246 formam
573 4181 671 4266 perire
682 4204 737 4266 per
747 4181 974 4266 corruptionem
989 4183 1131 4263 materiae,
1144 4207 1240 4269 quum
1255 4191 1383 4270 quaestio

281 4293 323 4362 sit
340 4293 378 4357 de
393 4294 564 4358 substantia
581 4293 689 4377 prima,
706 4316 774 4377 quae
793 4302 840 4357 est
860 4293 987 4377 simplex
1007 4295 1140 4380 physice,
1157 4304 1187 4359 et
1208 4320 1270 4360 non
1291 4299 1387 4364 habet·
