3200 4984
222 363 292 407 crs.
310 345 365 428 m]
589 367 707 414 aarum
725 369 961 416 unruaffluu.
1278 352 1319 414 31

221 538 427 596 creaturarum
439 533 680 599 consideratione
695 535 733 600 ad
748 535 852 600 Deum
863 535 994 600 libenter
1003 543 1178 620 assurgrmt.
1224 534 1288 612 Qui
1296 537 1322 599 si

221 650 338 708 attente
367 643 564 728 inspexerint,
591 645 786 711 mirabuntur
805 647 942 731 profecto
964 647 1025 711 Dei
1050 647 1241 732 sapientiam,
1269 648 1322 733 qui

221 753 309 818 seivit
335 753 501 838 imaginem
528 777 591 820 suae
615 757 744 822 unitatis
770 758 885 841 pariter
909 779 944 822 ec
969 780 1033 822 suae
1057 758 1216 822 Trinitatis
1235 758 1322 823 valde

221 865 413 948 perspicuam
435 867 610 951 imprimere
631 869 760 931 minimo
782 869 875 932 etiam
897 868 1048 934 elemento
1068 870 1204 933 mater-iae
1225 869 1322 934 oculis

220 974 334 1039 nostris
360 975 604 1060 imperceptibili.
659 977 699 1042 In
726 977 795 1041 Deo
824 979 907 1042 enim
935 1001 999 1043 uno
1028 979 1131 1064 quoad
1159 981 1322 1045 essentiam

221 1083 351 1149 babetur
372 1087 559 1172 principium
582 1081 702 1153 summe
716 1090 859 1168 activum,
883 1091 938 1175 qui
962 1091 1074 1156 dicitur
1096 1099 1127 1154 et
1150 1099 1198 1156 est
1220 1091 1322 1171 Pater,

220 1196 309 1260 cuius
323 1205 409 1262 actus
424 1191 618 1282 generativus
633 1199 686 1263 dat
701 1217 766 1264 esse
781 1200 870 1279 Filio,
885 1200 939 1285 qui
953 1209 1001 1264 est
1014 1201 1165 1265 terminus
1183 1202 1322 1286 passivus

221 1308 436 1391 generationis.
483 1309 567 1374 Huic
593 1311 836 1375 communicatur
852 1333 918 1376 esse
943 1311 1084 1392 a·Patre,
1100 1311 1182 1376 idem
1197 1335 1271 1392 esse,
1287 1335 1322 1377 ac

221 1427 325 1484 totum
347 1443 413 1484 esse
435 1421 545 1500 Patris,
561 1430 686 1506 excepte
707 1422 900 1507 paternitate,
916 1445 971 1486 seu
993 1423 1189 1507 generatione
1214 1424 1321 1502 activa,
1428 1444 1431 1448 ’

220 1552 289 1614 quae
303 1539 350 1595 est
365 1531 660 1598 incommunicabilis
674 1533 790 1617 genito,
806 1533 845 1596 ob
863 1533 1014 1598 rationem
1035 1535 1236 1619 oppositionis
1250 1557 1323 1600 cum

221 1642 417 1725 generatione
440 1642 570 1727 passiva,
598 1665 666 1728 quae
691 1650 739 1708 est
763 1643 830 1706 eius
854 1643 986 1728 proprie.
1032 1644 1161 1728 Siquis
1187 1665 1260 1728 ergo
1285 1667 1322 1709 ex

220 1751 372 1816 elemento
388 1753 539 1817 materiali
554 1752 601 1818 vel
618 1753 709 1818 unico
725 1752 797 1818 velit
815 1752 854 1816 ad
871 1752 975 1817 Deum
989 1753 1107 1818 elevare
1120 1762 1266 1832 mentem,
1281 1777 1322 1818 an

221 1885 283 1928 non
302 1864 437 1928 inveniet
454 1865 487 1928 in
504 1863 560 1928 tali
579 1864 729 1929 elemento
747 1864 935 1949 principium
953 1865 1086 1930 activum
1104 1874 1134 1929 et
1154 1866 1322 1930 terminum

221 1954 377 2060 passivum
399 1975 523 2040 relative
551 1976 701 2060 opposite,
728 1983 759 2039 et
788 1983 892 2040 tamen
918 1998 1018 2040 unum
1041 1976 1167 2062 physice
1193 1976 1322 2062 simplex

221 2085 450 2164 constituentia,
479 2107 612 2169 quorum
643 2086 779 2169 primum
813 2086 867 2149 dnt
898 2107 964 2151 esse
997 2087 1131 2150 secundo
1163 2096 1321 2172 tamquam

220 2197 352 2261 termino
366 2197 508 2281 passivo?
539 2197 605 2262 Nec
620 2197 678 2261 hoc
693 2219 758 2260 esse
773 2197 1032 2262 communicatum
1051 2205 1098 2261 est
1116 2199 1253 2282 partiale,
1268 2199 1322 2262 sed

222 2309 335 2387 totale;
361 2331 459 2393 quum
468 2331 533 2372 esse
549 2329 603 2372 seu
619 2308 745 2372 existere
760 2308 800 2371 sit
809 2307 842 2371 in
852 2307 1039 2371 indivisibili.
1083 2308 1125 2371 Et
1140 2317 1243 2373 tamen
1258 2332 1322 2373 non

221 2419 464 2484 communicatur
481 2418 632 2502 principio
649 2418 768 2502 passivo
788 2418 866 2482 ratio
884 2427 981 2498 actus,
996 2440 1065 2503 quae
1081 2427 1129 2482 eat
1144 2418 1190 2482 illi
1203 2419 1320 2484 incom-

222 2529 425 2609 municabilis,
441 2551 476 2594 eo
498 2529 565 2614 ipro
588 2529 672 2613 quod
692 2536 847 2613 competat
868 2529 915 2593 illi
936 2529 1077 2614 opposita
1095 2530 1172 2595 ratio
1187 2531 1320 2596 termini.

223 2640 434 2724 Congruentia
455 2648 558 2702 autem
580 2638 723 2723 principii
742 2639 913 2723 utriusque,
929 2647 960 2703 et
975 2639 1070 2704 veluti
1089 2641 1206 2706 amiens
1225 2663 1322 2705 nexus

221 2754 314 2818 unius
332 2753 364 2816 in
384 2751 487 2829 altero,
504 2773 540 2814 cx
555 2771 615 2834 quo
637 2749 739 2813 unitas
762 2749 971 2814 substantialis
993 2752 1130 2836 exsurgit
1147 2730 1181 2816 in
1199 2775 1231 2816 se
1248 2775 1321 2818 con-

223 2865 342 2944 stituta,
378 2885 418 2926 an
449 2884 512 2926 non
542 2861 640 2925 vivide
677 2870 874 2946 representat
906 2861 1073 2946 imaginem
1109 2863 1192 2928 illius
1224 2886 1322 2929 nexus

221 2975 384 3041 ineffabilis
403 2997 438 3040 ac
460 2972 680 3051 substantialis,
696 2995 758 3057 quo
783 2973 875 3036 Pater
896 2981 928 3036 et
949 2973 1047 3038 Filius
1068 2976 1246 3059 conspirant
1266 2999 1322 3060 per

221 3097 366 3152 mutuum
386 3107 520 3150 amorem
535 3084 574 3150 ad
589 3083 769 3168 spirandum
783 3107 882 3149 unum
906 3084 1057 3149 Sanctum
1079 3087 1230 3170 Spiritum
1251 3111 1271 3151 a
1290 3109 1322 3150 se

221 3199 346 3284 quidem
361 3197 482 3262 realiter
497 3195 678 3260 distinctum
693 3203 729 3258 ut
744 3196 895 3280 spiratum
909 3195 948 3259 ab
962 3204 1094 3281 utroque
1109 3199 1253 3282 spirante,
1268 3199 1322 3263 sed

221 3284 360 3375 eamdem
374 3315 517 3372 naturam
531 3305 676 3370 Divinam
692 3305 757 3370 sine
772 3306 975 3390 dependentia
986 3308 1207 3392 accipientem?
1237 3308 1323 3385 Quid

221 3421 306 3507 quod
322 3421 356 3484 in
374 3419 524 3483 elemento
544 3417 651 3503 quovis
668 3417 820 3481 materiali
831 3419 1012 3503 principiam
1029 3421 1156 3484 activam
1172 3423 1322 3504 apaecivo

221 3542 268 3598 est
282 3529 494 3616 inseparabile,
510 3538 541 3592 et
563 3528 606 3592 sic
628 3529 695 3612 ipse
712 3551 805 3593 ncesse
827 3551 949 3613 qnoque
967 3531 1129 3615 utriusque
1150 3540 1197 3595 est
1218 3555 1323 3598 neces

222 3645 318 3710 sarius
334 3641 374 3706 ad
387 3639 559 3705 habendam
574 3639 731 3723 adaequate
745 3638 940 3709 terminatam
951 3639 1017 3703 eius
1028 3641 1214 3706 essentiam?
1238 3641 1322 3720 Quid

221 3754 304 3840 quod
317 3753 392 3831 baec,
409 3751 468 3814 tria
482 3748 698 3835 metaphysice,
715 3756 788 3811 sunt
802 3771 900 3812 unum
916 3749 1065 3835 physice?

266 3863 341 3927 Haec
359 3871 462 3925 tomen
479 3860 538 3924 hoc
556 3858 622 3922 loco
640 3858 805 3923 sufficiant.
851 3859 938 3922 Sicut
955 3859 1037 3923 enim
1061 3861 1142 3926 inter
1164 3861 1267 3927 Deum
1290 3872 1322 3928 et

221 3983 390 4042 creaturam
405 3971 525 4036 infinita
540 3979 586 4034 est
602 3969 756 4048 distantia,
772 3969 816 4033 ita
830 3992 952 4034 necesse
963 3978 1010 4034 est
1020 3971 1186 4056 imaginem
1201 3974 1322 4039 infinite

221 4087 347 4154 deficere
362 4108 380 4148 e
394 4091 569 4168 prototypo.
615 4081 690 4145 Haec
705 4081 773 4144 ideo
787 4080 902 4161 notavi,
913 4082 995 4166 quia,
1012 4105 1109 4168 quum
1128 4086 1240 4150 creatio
1257 4109 1321 4151 non

221 4197 365 4283 procedat
391 4194 429 4258 ab
456 4194 557 4278 aliqua
583 4191 705 4276 speciali
730 4214 862 4276 persona
886 4192 1010 4274 Divina,
1035 4195 1087 4259 sed
1114 4194 1152 4259 ab
1178 4197 1323 4262 omnibus

222 4308 323 4386 simul,
340 4329 394 4371 seu
416 4329 434 4370 a
455 4305 523 4370 Deo
545 4304 627 4368 trino
653 4311 684 4368 et
709 4325 782 4381 uno,
805 4326 869 4368 non
891 4311 937 4367 est
958 4305 1072 4370 mirum
1094 4306 1143 4372 vel
1162 4307 1321 4374 minimam
