3200 4984
618 1786 926 1807 mm

216 2091 375 2166 Rulnnn
393 2089 664 2184 philosophiam
682 2113 781 2178 voco,
793 2115 876 2183 qnae
893 2092 970 2187 agit
987 2090 1031 2164 de
1047 2091 1195 2178 mutas,
1206 2101 1322 2189 prout

212 2217 443 2291 incontrato
472 2215 631 2288 eostam
658 2217 698 2288 in
727 2238 848 2289 rama
876 2221 1021 2289 msam.
1087 2214 1322 2311 Complector

213 2339 331 2436 igitur
347 2341 415 2412 sub
433 2339 503 2411 hoc
519 2340 668 2414 nomine
691 2349 774 2412 tum
799 2364 880 2412 eam
901 2339 1144 2435 philosophia
1165 2351 1319 2435 partem,

213 2487 328 2558 quam
352 2473 490 2539 veteres
516 2463 703 2560 physicam
729 2463 972 2560 appellarunt,
999 2472 1080 2536 tum
1098 2455 1191 2551 eam,¹
1208 2490 1320 2558 quam

212 2587 434 2664 recentiores
467 2589 582 2660 nostri
620 2587 906 2684 metaphysicam
947 2586 1140 2682 specialem
1181 2588 1318 2661 dicunt.

213 2714 383 2786 Primum
400 2737 443 2784 ac
459 2710 727 2786 nobilissimum
745 2713 823 2785 eius
840 2713 1026 2786 obiectum
1049 2721 1103 2784 ast
1127 2712 1229 2784 Deus
1246 2712 1320 2807 Op·

212 2839 329 2910 timus
346 2837 551 2910 Maximus:
579 2845 659 2909 tum
683 2844 849 2910 creatma
871 2836 1089 2931 spiritualis:
1118 2837 1204 2909 dein
1225 2861 1321 2910 com·

213 2962 336 3058 posita
352 2985 398 3033 ex
415 2961 547 3056 spiritu
563 2969 601 3033 et
624 2962 799 3034 materia:
826 2942 975 3034 tandem
996 2985 1088 3056 pure
1108 2961 1318 3049 materialis,

213 3094 327 3179 atque
353 3109 397 3157 ea
420 3084 554 3172 omnia,
583 3109 665 3178 quae
691 3086 824 3161 harum
851 3095 1066 3159 naturarum
1089 3085 1319 3157 existentiam

213 3208 362 3284 realiter
396 3209 628 3297 comitantur,
663 3217 729 3282 aut
763 3216 1045 3302 consequuntur.
1109 3203 1155 3282 In
1184 3209 1319 3301 quibus
1442 3197 1445 3203 ¹

214 3334 424 3421 tractandis
442 3341 485 3405 ut
506 3357 529 3406 a
548 3334 762 3420 notioribus,
789 3334 1099 3427 quemadmodum
1125 3334 1214 3404 ordo
1239 3357 1319 3427 pos·

214 3459 335 3534 tulare
359 3458 562 3544 videbatur,
590 3464 700 3550 atque
725 3455 984 3528 humilioribus
1008 3456 1218 3552 inciperem,
1246 3459 1319 3552 pri·

213 3607 318 3656 mum
334 3583 458 3660 locum
474 3581 616 3654 naturis
635 3576 885 3654 materialibus
908 3580 1004 3667 dedi,
1027 3581 1075 3652 ad
1098 3580 1316 3675 spirituales,

213 3716 253 3784 et
269 3709 316 3778 ad
333 3705 520 3778 hominem
538 3704 670 3778 deinde
686 3712 980 3798 processurarum
997 3706 1043 3776 de
1059 3704 1139 3799 ipso
1157 3704 1317 3798 denique

213 3832 295 3910 Deo
313 3854 379 3926 pro
397 3830 533 3910 viribus
551 3827 770 3902 elocuturns.

264 3956 336 4028 His
354 3957 399 4026 de
418 3954 560 4030 obiecto
586 3960 697 4046 atque
724 3953 852 4026 ordino
880 3951 1000 4048 operis
1022 3951 1181 4025 breviter
1206 3955 1317 4025 adno-

178 4103 183 4116 ’
214 4079 310 4166 tatis,
333 4076 429 4149 nibil
452 4100 568 4148 causae
592 4084 697 4163 esset,
719 4101 784 4149 cur
806 4077 846 4148 in
869 4075 1055 4173 praefando
1072 4075 1227 4150 ulterius
1248 4079 1316 4150 im·

214 4225 384 4288 morarer,
415 4201 487 4274 nisi
513 4200 685 4296 speciales
712 4200 944 4274 difficultates
970 4201 1009 4272 ‘m
1033 4202 1249 4275 tractatione
1269 4205 1316 4275 de

214 4327 322 4400 rebus
329 4325 590 4400 ‘materialibus
611 4327 835 4420 superandae,
854 4335 892 4398 et
908 4324 1218 4404 conciliandorum
1235 4327 1315 4421 phi·

605 4685 925 4803 'u368363
