3200 4984
227 411 300 453 oar.
314 389 384 473 rin]
564 413 606 454 nn
623 380 824 455 sussravrra
840 413 1026 458 coaroaea.
1265 395 1327 457 197

225 591 380 666 coguntur
395 582 523 646 transire
538 605 593 671 per
607 584 673 667 ipsa
688 584 838 648 elementa
852 606 957 668 aquae3
979 608 1051 648 nam
1069 592 1170 648 motus
1185 583 1328 667 dirigitur

225 694 265 757 ad
280 702 431 779 punctum
445 694 527 758 unde
550 696 678 779 emergit
701 696 850 759 attractio.
896 696 985 759 Idem
1008 696 1067 760 dici
1082 705 1183 780 potest
1206 696 1244 759 de
1258 694 1325 759 aliis

224 804 477 869 dissolutionibus
492 814 522 869 et
537 805 824 884 combinationibus,
834 817 870 871 ut
881 816 977 891 patet.
1019 808 1121 871 Datur
1132 830 1205 891 ergo
1217 808 1327 892 aliquis

223 918 374 980 transitus
396 918 488 981 unius
504 918 636 1002 corporis
658 940 713 1001 per
728 918 821 993 aliud,
845 942 902 982 nec
923 919 1024 982 solum
1045 918 1098 997 ita,
1123 930 1156 983 ut
1176 919 1327 985 elementa

223 1029 317 1092 unius
331 1037 487 1091 ‘transeant
502 1030 578 1092 inter
593 1029 741 1093 elementa
756 1030 890 1107 alterius,
907 1053 961 1093 seu
975 1053 1029 1114 per
1038 1051 1147 1113 poros;
1170 1030 1325 1093 sedetiam

223 1140 276 1217 ita,
293 1150 329 1202 ut
344 1140 494 1203 elementa
508 1139 607 1224 aliqua
625 1141 716 1203 unius
731 1149 889 1204 transeant
904 1163 963 1223 per
976 1143 1042 1224 apso
1060 1150 1172 1223 puncto
1194 1150 1263 1205 ueta
1277 1164 1324 1204 oc·

223 1258 331 1333 napata
346 1251 384 1314 ab
400 1251 553 1335 aliquibus
574 1251 733 1316 elementis
749 1251 883 1315 alterius.
929 1252 1006 1315 Haec
1019 1253 1190 1336 penetratio
1205 1252 1326 1316 videtur

222 1362 324 1425 locum
339 1363 450 1426 habere
464 1362 497 1425 in
509 1364 594 1426 omni
608 1364 833 1427 combinatione
846 1364 985 1427 chimica.

268 1477 342 1537 103.
365 1476 478 1538 Verum
495 1485 541 1539 est
556 1498 628 1558 ergo
643 1474 726 1560 quod
741 1475 873 1539 diximus
887 1497 919 1539 n.
935 1477 988 1553 48,
1006 1474 1325 1559 impenetrabilitatem
1431 1470 1436 1478 ’

160 1622 162 1626 ,
223 1608 385 1670 corporum
403 1587 522 1669 (saltem
549 1588 573 1649 si
589 1588 634 1651 vis
656 1587 795 1650 vocabuli
817 1587 996 1669 retineatur)
1021 1609 1086 1649 esse
1108 1586 1324 1670 proprietatem

155 1747 158 1751 .
222 1719 287 1759 non
302 1696 482 1777 absolutam,
506 1700 559 1763 sed
574 1699 740 1778 relativam,
762 1699 947 1783 pendentem
962 1721 999 1761 ex
1017 1697 1324 1761 actionibus-mutuis

222 1810 477 1892 componentibus
498 1820 630 1895 systema
653 1810 762 1874 virium
789 1809 912 1887 relative
934 1808 1184 1893 impenetrabile:
1206 1832 1262 1872 nec
1285 1809 1324 1872 ad

221 1919 542 2004 impenetrabilitatem
557 1943 718 2005 corporum
733 1920 943 2006 explicandam
957 1943 1035 2005 opus
1050 1944 1125 1999 esse,
1140 1932 1176 1985 ut
1185 1922 1323 1984 elementa

222 2036 320 2096 omnia
348 2034 496 2117 effugiant
523 2044 667 2097 mutuum
693 2043 880 2112 contactum,
896 2042 931 2096 ut
947 2034 982 2097 P.
997 2032 1187 2097 Boschovich
1208 2054 1322 2116 suppo·

154 2218 159 2225 ἱ
221 2144 288 2223 nit,
312 2167 408 2228 quum
431 2145 614 2228 experientia
634 2146 735 2229 potins
759 2144 945 2207 eontrarium
971 2143 1115 2210 insinuet
1161 2143 1244 2206 Hinc
1269 2165 1323 2226 ap·

221 2265 316 2338 paret,
333 2256 490 2339 capitalem
508 2278 542 2319 ao
556 2238 717 2320 radicalem
735 2255 938 2334 differentiam
953 2256 1034 2319 inter
1043 2264 1175 2340 systema
1186 2255 1322 2318 Boscho·

220 2365 394 2430 vichianum
413 2379 443 2432 et
459 2356 599 2431 'nostram
622 2368 805 2431 sententiam
828 2369 860 2430 in
882 2366 940 2431 hoc
963 2359 1137 2444 consistere,
1159 2367 1242 2451 quod
1257 2367 1322 2450 ipse

220 2477 330 2547 tribuit
344 2479 482 2543 elemento
496 2480 622 2561 simplici
639 2479 820 2563 (etquidem
842 2479 990 2557 absolute,
1006 2490 1037 2543 et
1053 2480 1118 2543 sine
1132 2480 1320 2563 exceptione)

221 2611 288 2652 eam
303 2590 365 2652 vim
387 2590 570 2673 repulsivam
585 2591 618 2652 in
634 2590 768 2653 minimis
791 2591 944 2654 distantiis
966 2589 1213 2675 insuperabilem,
1227 2613 1321 2675 quam

220 2724 277 2764 nos
292 2701 455 2786 tribuimus
470 2702 613 2765 molecolae
631 2703 673 2784 (et
688 2703 812 2786 quidem
827 2724 891 2765 non
906 2702 1055 2780 absolute,
1065 2701 1117 2765 sed
1127 2724 1197 2765 cum
1208 2702 1320 2766 limita·

219 2814 336 2895 tione):
359 2814 472 2896 ineius
490 2823 653 2899 systemate
674 2815 749 2877 idem
767 2814 937 2877 elementum
956 2813 1046 2877 debet
1065 2813 1103 2877 ad
1121 2813 1253 2877 diversas
1273 2816 1320 2877 di-

220 2926 348 2987 stantias
363 2947 428 2987 esse
437 2925 629 2988 attractivum
641 2934 672 2988 et
683 2926 890 3009 repulsivum:
912 2926 945 2989 in
954 2935 1059 2989 nostra
1068 2927 1218 2989 sententia
1230 2925 1320 2990 debet

219 3036 317 3098 eadem
345 3036 484 3099 molacula
513 3057 568 3118 pro
598 3035 715 3099 diversa
744 3036 889 3100 distantia
915 3035 1069 3100 attrahere
1093 3036 1139 3101 vel
1165 3036 1319 3120 repellere.

180 3212 182 3217 ,
220 3148 359 3210 Primum
373 3148 461 3209 nobis
476 3148 576 3209 visum
591 3158 636 3209 est
651 3146 928 3225 contradictorium,
940 3155 1076 3230 utsupra
1087 3147 1300 3231 explicavimus
1312 3175 1319 3212 :

218 3260 386 3322 secundum
401 3258 519 3321 nullam
534 3257 625 3322 habet
641 3259 870 3335 difficultatem
893 3259 966 3343 quia
980 3259 1138 3352 molecula,
1160 3282 1256 3344 quum
1279 3260 1319 3323 sit

18 3404 20 3419 π
217 3370 397 3453 composita,
411 3378 511 3454 potest
525 3371 679 3433 secundum
693 3393 782 3452 onom
796 3371 948 3435 attrahere
963 3379 994 3434 et
1008 3372 1162 3435 secandum
1176 3372 1260 3434 uliud
1272 3394 1318 3451 re·

218 3482 339 3566 pellere,
355 3492 391 3545 ut
406 3482 529 3545 evidens
544 3493 602 3559 est,
618 3492 648 3545 et
663 3505 762 3565 nuper
777 3482 1004 3565 explicavimus.

263 3598 335 3657 104,
360 3594 420 3656 Sed
436 3568 461 3655 si
476 3593 613 3656 dicamus
627 3593 946 3677 impenetrabilitatem
961 3616 1026 3657 esse
1040 3593 1315 3677 impossibilitatem

217 3704 346 3768 sistendi
369 3704 430 3785 duo
454 3704 501 3766 vel
531 3703 619 3787 plura
644 3703 794 3767 elementa
823 3704 990 3767 materialia
1015 3705 1047 3767 in
1072 3704 1177 3767 eodem
1201 3714 1316 3788 puncto

216 3817 317 3901 spatii,
333 3816 499 3900 poterimus
515 3816 615 3879 adhuc
626 3806 955 3899 impenetrabilitatem,
966 3817 1009 3879 sio
1024 3824 1188 3899 acceptam,
1202 3838 1316 3900 ponere

215 3940 250 3991 ut
266 3926 437 4011 generalem
452 3928 669 4011 proprietatem
685 3949 747 3990 non
764 3927 864 3990 solum
882 3949 1052 4011 corporum,
1072 3926 1125 3989 sed
1139 3926 1235 4010 ipsius
1250 3950 1316 3991 ma·

213 4042 308 4103 teriae.
353 4039 461 4103 Oritur
475 4039 539 4103 haec
555 4038 831 4122 impenetrabilitas,
842 4062 878 4101 ex
893 4038 960 4121 lege
975 4039 1129 4102 actionum
1149 4038 1182 4101 in
1197 4040 1314 4104 ratione

212 4152 331 4215 inversa
344 4151 561 4235 quadratorum
578 4150 813 4229 distantiarum
838 4163 868 4214 et
883 4152 1040 4214 evidenter
1050 4149 1211 4234 probatur..

255 4264 337 4326 Nam
355 4267 398 4327 1⁰.
422 4262 455 4325 Si
477 4263 539 4325 sint
560 4262 621 4325 duo
642 4263 793 4326 elementa
815 4262 976 4346 repulsiva,
997 4284 1102 4325 eorum
1126 4263 1204 4326 actio
1218 4262 1315 4347 impe·
1384 4297 1385 4300 ¹

122 4432 126 4440 .
213 4375 298 4438 diens
314 4376 620 4458 compenetrationcm
643 4386 782 4439 mutuam
801 4374 908 4438 crescit
930 4375 961 4437 in
981 4373 1147 4449 inlinitum,
1169 4375 1314 4439 tendente
