3200 4984
312 402 375 467 196
616 420 657 463 nu
674 418 876 463 snasvarvrm
893 417 1074 461 consonus.
1253 394 1335 479 [car.
1352 416 1414 460 ιιι.

309 584 367 647 hoc
383 593 453 661 stat,
468 580 552 667 quod
573 582 712 646 clementa
734 580 877 667 quaelibet
899 590 1056 645 exerceant
1071 602 1158 644 suam
1174 580 1323 643 actionem
1338 581 1414 643 sim·

309 696 417 782 plicam
428 696 460 759 in
472 695 588 759 ratione
599 694 718 758 inversa
732 695 949 779 quadratamm
966 694 1191 772 distantiarum,
1201 694 1263 756 sive
1272 694 1415 756 maximae

309 808 371 871 sint
386 808 547 886 distantiae,
563 808 626 872 sive
641 808 703 871 sint
718 807 862 871 minimae.

354 922 427 983 102.
450 920 560 1004 Itaque
572 917 727 983 moleculae
741 919 881 1003 quaedam
896 919 1010 982 habent
1026 918 1180 982 relativam
1196 917 1414 1003 impenetrabi-

308 1030 436 1095 litatem.
482 1031 552 1108 Sed,
577 1031 657 1093 siin
680 1030 799 1093 duabus
822 1029 979 1093 moleculis
1002 1029 1159 1113 dispositio
1181 1030 1413 1105 elementorum,

309 1150 362 1205 aut
377 1141 494 1220 raritas,
510 1151 563 1203 aut
579 1142 656 1205 situs
671 1140 868 1224 respectivus',
884 1148 937 1204 aut
951 1140 1066 1225 aliquid
1081 1140 1231 1204 eiusmodi
1245 1140 1363 1217 efficiat,
1374 1125 1414 1203 ‘ut

308 1253 458 1317 elementa
473 1252 624 1337 repulsiva
639 1274 701 1315 non
717 1252 849 1316 debeant
864 1252 921 1315 sibi
936 1252 1064 1315 invicem
1074 1274 1229 1315 occurrere
1238 1252 1277 1316 ad
1285 1252 1413 1315 nimiam

308 1364 579 1449 propinquitatem,
601 1365 655 1449 sed
670 1365 766 1449 possit
781 1386 880 1427 unum
895 1364 1024 1428 transire
1039 1364 1118 1428 inter
1129 1364 1187 1428 alia
1201 1364 1267 1427 sine
1284 1387 1414 1429 occursu

309 1490 429 1552 mutuo,
445 1484 574 1539 cessaret
589 1478 667 1539 ratio
684 1476 824 1559 superius
845 1475 996 1539 adducta:
1020 1486 1051 1538 et
1066 1499 1162 1539 unum
1182 1499 1291 1560 corpus
1309 1488 1414 1560 posset

308 1586 470 1651 admittere
491 1586 656 1651 moleculaa
678 1588 805 1651 alterius
827 1587 908 1651 inter
930 1610 999 1651 suas
1024 1587 1208 1651 molooniae:
1230 1588 1326 1652 immo
1351 1589 1415 1651 ele·
1468 1633 1470 1638 -

309 1708 448 1761 mentum
462 1698 660 1783 repulsivam,
676 1700 833 1783 pertinens
848 1722 875 1763 v.
892 1722 937 1782 gr.
954 1699 993 1762 ad
1011 1699 1191 1763 moleculam
1206 1699 1412 1778 invadentem,
1471 1757 1473 1760 .

308 1818 410 1894 posset
436 1811 591 1893 pervenire
617 1811 774 1894 usquead
805 1820 943 1875 centrum
974 1811 1021 1874 vel
1047 1812 1190 1874 nucleum
1217 1812 1412 1875 attractivum

308 1920 431 1985 alterius
448 1921 612 2000 molecnlae,
629 1931 728 2005 etper
743 1922 820 1986 illud
835 1923 882 1985 vel
897 1946 951 2007 per
966 1923 1053 1986 illum
1069 1924 1206 1986 transire.
1252 1922 1350 1987 Cuius
1367 1923 1411 1986 rei

308 2032 481 2116 exemplum
500 2032 631 2116 praebere
653 2042 755 2117 potest
777 2035 832 2117 fig.
858 2037 920 2111 143
944 2034 1007 2111 ubi,
1031 2035 1056 2097 ri
1076 2035 1216 2098 attractio
1236 2044 1410 2098 aestrorum

308 2146 348 2208 sit
363 2145 524 2222 sufficiens,
541 2145 727 2208 elementum
742 2145 931 2229 repulsivum
945 2142 970 2209 r'
986 2145 1098 2229 poterit
1113 2146 1356 2230 appropinquare
1370 2145 1411 2208 ad

306 2266 446 2319 centrum
461 2256 491 2319 A
506 2255 552 2319 vel
568 2255 606 2318 ad
620 2256 775 2335 nucleum,
792 2257 979 2319 transeundo
994 2279 1048 2340 per
1067 2257 1202 2320 medium
1217 2266 1349 2342 quatuor
1362 2280 1412 2321 re-

306 2367 495 2452 pulsivorum
512 2391 538 2446 r,
554 2376 584 2430 et
599 2390 635 2431 ea
644 2368 821 2431 disiiciendo
836 2369 876 2431 ad
890 2369 1034 2432 maiorem
1045 2368 1232 2447 distantiam,
1242 2370 1286 2432 ita
1294 2378 1329 2432 ut
1344 2380 1410 2434 tota

307 2478 456 2543 molecula
471 2501 533 2541 una
554 2479 652 2562 possit
666 2457 737 2542 cum
760 2479 819 2543 alia
842 2480 970 2558 misceri,
987 2479 1154 2543 combinari
1172 2492 1203 2543 et
1225 2503 1339 2545 novum
1359 2505 1412 2565 sy-

307 2572 404 2653 stema
425 2592 551 2654 efficere.
598 2591 677 2668 Hoc,
700 2591 783 2674 quod
804 2612 841 2654 ex
862 2601 967 2655 nostra
987 2592 1105 2654 theoria
1119 2592 1246 2656 omnino
1261 2586 1351 2657 debet
1366 2595 1410 2657 ita

307 2725 382 2779 esse,
397 2702 478 2766 sacto
492 2702 559 2786 ipso
581 2702 805 2785 comprobatur.
851 2701 934 2766 Nam
949 2726 1027 2787 aqua
1045 2726 1074 2765 v.
1090 2727 1136 2787 gr.
1152 2726 1215 2767 non
1228 2706 1340 2794 transit
1354 2728 1410 2790 per

305 2814 429 2891 ferrum,
446 2813 499 2876 scd
514 2813 623 2876 intime
638 2813 774 2897 pervadit
790 2814 867 2877 sales
882 2836 959 2897 quos
975 2814 1122 2892 dissolvit,
1138 2816 1209 2899 quia
1224 2815 1341 2880 diversa
1362 2826 1408 2880 est

306 2926 377 2987 ferri
393 2937 423 2988 et
439 2925 509 2988 salis
525 2924 684 3009 dispositio
706 2935 737 2987 et
752 2926 933 2990 constitutio
954 2925 1049 2989 relate
1063 2927 1101 2989 ad
1124 2926 1289 3011 particulas
1311 2951 1407 3012 aquae.

309 3036 456 3099 Similiter
469 3037 520 3099 lux
543 3038 654 3100 transit
668 3060 723 3121 per
738 3037 861 3116 vitrum,
878 3048 909 3100 et
931 3037 1031 3100 oleum
1047 3037 1156 3101 intime
1170 3039 1264 3102 intrat
1279 3040 1312 3103 iu
1329 3064 1407 3103 mar-

307 3172 392 3212 mora
406 3159 463 3213 etc.
509 3150 595 3213 Licet
609 3159 712 3213 autem
722 3149 885 3233 aliqnando
896 3150 1044 3213 transitus
1053 3172 1113 3213 uon
1125 3152 1179 3213 fiat
1188 3153 1407 3235 permeteriam

305 3283 476 3345 corporum,
492 3260 546 3323 sed
560 3283 614 3344 per
628 3283 718 3345 poros
733 3283 844 3353 vacuos
854 3262 1064 3326 interiacentes
1074 3262 1156 3334 inter
1164 3272 1266 3347 partes
1276 3264 1409 3328 materiae

249 3361 262 3465 Γ
307 3373 352 3455 (iu
367 3394 428 3456 quo
438 3392 510 3435 casu
520 3372 607 3435 nulla
622 3372 741 3455 proprie
756 3373 791 3434 fit
803 3372 998 3456 penetratio),
1010 3372 1173 3456 aliquando
1183 3383 1286 3437 tamen
1295 3376 1406 3438 transi-

306 3494 358 3549 tus
372 3484 465 3547 unius
488 3482 621 3567 corporis
635 3505 690 3566 per
705 3482 788 3546 aliud
812 3491 916 3545 causat
930 3482 1156 3566 corruptionem
1172 3483 1360 3563 substantia,
1376 3493 1408 3548 et

306 3618 452 3661 novarum
476 3594 694 3658 molecularum
709 3595 941 3659 formationem:
965 3607 1001 3658 ut
1016 3596 1124 3658 accidit
1146 3576 1179 3659 in
1194 3598 1279 3660 omni
1293 3598 1408 3662 combi-

306 3710 430 3773 natione
452 3708 590 3771 chimica.
636 3706 705 3769 Hoc
727 3707 809 3769 euim
832 3707 899 3771 fieri
920 3707 1038 3791 nequit,
1060 3708 1120 3771 nisi
1142 3708 1292 3773 clementa
1314 3707 1407 3774 unius

306 3820 440 3906 corporis
454 3818 602 3903 incipiant
618 3818 753 3881 cavillare
769 3840 823 3901 per
838 3818 989 3882 elementa
1003 3818 1137 3882 alterius.

352 3933 401 3996 Sic
416 3932 565 3995 elementa
587 3928 657 3993 salis
672 3928 798 3991 resoluti
813 3928 847 3991 in
862 3952 941 4013 aqna
962 3952 1026 3992 non
1040 3938 1147 3994 tenent
1165 3953 1197 3993 se
1217 3932 1348 4016 amplius
1368 3933 1408 3996 ad

305 4045 444 4122 invicem,
467 4044 546 4106 sicut
570 4064 601 4105 ae
622 4040 768 4105 tenebant
791 4049 862 4103 ante
884 4041 1111 4119 resolutionem,
1135 4044 1187 4106 sed
1210 4052 1354 4108 tenentur
1368 4045 1407 4109 ab

306 4155 465 4220 elementis
483 4176 579 4238 aquae,
600 4175 733 4237 quorum
751 4154 830 4216 actio
848 4155 1016 4231 attractiva,
1035 4156 1114 4217 sicut
1134 4156 1236 4238 potuit
1256 4179 1291 4219 ea
1305 4156 1343 4219 ab
1358 4157 1407 4219 ins

303 4267 399 4330 vicem
416 4287 563 4348 separare,
587 4264 735 4328 vincendo
750 4286 853 4327 eorum
871 4265 1073 4328 cohaesionem
1088 4275 1238 4345 mutuam,
1254 4267 1298 4330 ita
1312 4290 1329 4331 a
1344 4268 1406 4331 for·

304 4377 385 4452 tiori,
401 4376 479 4437 victa
502 4374 679 4452 cohaesione,
702 4375 796 4439 trahit
819 4375 925 4439 illaad
940 4400 991 4439 se:
1014 4375 1143 4461 ideoque
1165 4378 1314 4442 elementa
1334 4378 1406 4450 salis
1494 4450 1496 4454 ,
