3200 4984
310 371 353 434 38
743 396 785 438 nn
803 394 984 438 annuemus
1252 375 1339 459 [cnr.
1357 391 1411 434 ιιι.

356 561 409 625 m.
435 559 613 626 Substantia
621 561 718 646 igitur
726 561 853 648 physice
862 561 1130 647 compositahabet
1139 560 1414 646 duplicernforma-

313 669 449 738 litatem:
473 695 566 738 unam
581 695 613 738 se
628 681 784 739 tenentem
802 696 839 738 ex
855 683 941 758 parte
959 672 1222 758 componentium,
1236 673 1362 738 alteram
1377 693 1414 736 ex

313 792 400 870 parte
419 784 648 871 compositionis
666 785 773 872 ipsius,
789 786 836 850 vel
853 807 892 850 ex
910 794 996 871 parte
1016 785 1187 870 compositi.
1232 784 1337 850 Prima
1356 791 1413 862 est,

313 901 349 960 ut
364 891 436 976 dixi,
452 917 520 982 quae
535 895 693 962 constituit
709 896 831 982 singula
844 898 1057 983 componentia
1070 897 1104 961 in
1119 919 1176 962 suo
1190 919 1256 962 esse
1270 895 1414 961 substan·

312 1003 378 1070 tiali
401 1028 455 1070 sen
478 1006 594 1092 primo:
625 1008 709 1093 quod
734 1031 799 1073 esse
829 1007 1028 1074 substantiale
1056 1009 1203 1094 perdurat
1232 1007 1359 1073 omnino
1380 1007 1415 1070 in

313 1118 491 1202 composito,
501 1127 533 1183 et
543 1129 589 1186 est
599 1119 666 1205 ipsa
674 1119 846 1186 substantia
854 1121 1014 1205 compositi
1026 1121 1121 1204 (nota,
1131 1121 1199 1186 dico
1209 1121 1413 1199 uertentium,

314 1249 378 1293 non
407 1239 561 1310 naturam
591 1230 766 1297 intravero
799 1231 916 1317 patebit
944 1233 1023 1298 ratio
1051 1232 1145 1297 huius
1174 1231 1414 1314 adnotationislr

314 1339 436 1428 singule
446 1350 550 1408 autem
561 1343 626 1408 haec
637 1344 852 1430 componentia
862 1352 936 1409 sunt
948 1342 1071 1429 singula
1081 1344 1241 1409 elementa.
1272 1343 1416 1410 Secunda

313 1462 369 1534 est,
387 1476 442 1539 per
461 1477 554 1540 quam
574 1477 611 1520 ex
630 1454 870 1521 illiselementis
886 1456 947 1520 iam
965 1457 999 1520 iu
1016 1478 1049 1520 se
1063 1456 1240 1521 constitutis
1253 1457 1290 1520 lit
1304 1465 1417 1520 natura

313 1562 414 1650 aliqua
428 1574 499 1630 actu
513 1567 689 1652 composita.
735 1567 782 1631 Ex
795 1568 895 1652 prima
912 1576 976 1632 tem
993 1567 1208 1652 componentia
1224 1590 1316 1655 quam
1331 1590 1415 1632 com-

313 1675 449 1762 positum
459 1677 575 1743 habent
585 1678 735 1743 rationem
750 1678 939 1759 substantiae,
952 1680 1098 1745 senentis
1109 1680 1143 1743 in
1154 1702 1187 1744 se
1199 1678 1396 1744 subsistentis
1407 1706 1415 1746 ι

313 1787 456 1867 secunda,
465 1789 538 1856 ‚licet
552 1793 592 1855 sit
607 1791 794 1856 comdentalis
810 1791 936 1876 napulie
953 1792 1100 1855 elementis
1119 1793 1365 1876 componentibus,
1379 1800 1417 1856 ut

313 1898 437 1964 evidens
451 1908 508 1980 est,
523 1921 582 1965 non
600 1910 644 1966 est
666 1911 762 1966 tomen
781 1902 970 1968 occidentalis
989 1903 1158 1986 composito,
1174 1902 1259 1988 quod
1276 1925 1417 1987 peream

313 2012 521 2091 constituitur,
537 2013 619 2098 quod
634 2013 745 2077 iterum
761 2022 866 2099 repeto
881 2013 920 2078 ob
936 2035 1093 2077 summum
1110 2013 1154 2076 rei
1171 2021 1365 2077 momentum
1381 2013 1417 2077 in

313 2122 371 2188 hac
393 2124 572 2209 quastione,
588 2125 641 2189 sed
663 2134 710 2188 est
732 2125 792 2210 ipsi
814 2124 940 2189 omnino
961 2124 1132 2188 essentialis
1154 2127 1186 2188 in
1208 2133 1351 2209 quantum
1372 2134 1418 2189 est

312 2244 420 2300 natura
447 2238 576 2320 praedm
602 2240 770 2321 composita.
817 2237 952 2300 Primam
977 2235 1204 2315 formalitatem,
1225 2259 1279 2301 seu
1301 2237 1418 2302 formas

314 2347 505 2433 singulorum
540 2348 761 2414 elementorum
794 2347 1054 2433 componentium,
1085 2348 1206 2433 appello
1233 2351 1418 2434 princepinm

305 2460 435 2545 formale
450 2463 536 2546 qnod,
552 2483 606 2526 seu
623 2469 786 2540 remotum,
802 2469 944 2545 respectu
958 2460 1136 2544 compositi:
1160 2460 1327 2524 secundam
1342 2482 1418 2526 voco

305 2574 487 2656 prinmpium
500 2572 633 2656 formale
655 2594 722 2656 quo,
738 2594 791 2635 seu
812 2571 995 2656 proximum,
1011 2578 1150 2654 respectu
1171 2571 1307 2635 eiusdem
1330 2595 1415 2636 com-

311 2684 413 2768 positi.
459 2683 562 2748 Prima
582 2691 628 2747 est
646 2692 732 2748 actus
753 2682 964 2747 substantialis
981 2682 1232 2766 componentium
1250 2683 1366 2748 faciens
1380 2709 1416 2749 ea

311 2791 423 2858 habere
448 2795 599 2858 actualem
618 2795 681 2858 vim
707 2795 836 2858 activam
862 2817 897 2858 ac
922 2794 1091 2878 passivam:
1115 2794 1251 2858 secunda
1275 2804 1323 2860 est
1349 2797 1416 2881 ipsa

312 2903 524 2968 determinatio
550 2903 657 2969 talium
684 2905 806 2983 virium,
833 2927 887 2968 seu
912 2904 1035 2968 virtutis
1064 2925 1133 2989 quae
1161 2914 1208 2968 est
1237 2907 1271 2970 in
1300 2906 1416 2972 talibus

310 3015 436 3097 viribus,
459 3014 497 3079 ad
520 3015 669 3100 quosdam
691 3023 778 3080 actus
800 3022 832 3079 et
854 3016 893 3080 ad
915 3024 1032 3080 certum
1054 3017 1242 3082 intensitatis
1264 3018 1414 3103 gradum:

313 3149 381 3213 quae
396 3126 609 3192 determinatio
624 3126 751 3190 resultat
767 3148 803 3189 ex
818 3136 926 3191 mutua
940 3126 1177 3207 coordinatione,
1197 3138 1229 3192 et
1246 3151 1286 3194 ex
1304 3140 1416 3196 natura

312 3237 467 3326 primitiva
492 3238 753 3323 componentium.
810 3239 885 3302 Haec
914 3239 982 3323 ipsa
1010 3238 1224 3304 determinatio
1253 3251 1301 3306 est
1329 3243 1416 3308 radix

312 3351 449 3438 proxima
470 3349 691 3436 proprietatum
714 3349 855 3413 omnium
877 3349 1042 3414 activorum
1066 3358 1097 3412 et
1119 3350 1308 3433 passivorum
1331 3353 1415 3419 illius

311 3472 429 3528 naturae
454 3461 649 3547 compositae:
673 3470 704 3525 et
733 3460 802 3524 ideo
832 3469 878 3523 est
907 3460 1140 3524 constitutivum
1166 3460 1293 3527 formale
1319 3462 1414 3529 illius.

312 3575 402 3641 Hanc
422 3573 708 3640 determinationem
726 3562 824 3658 quum
837 3594 991 3666 'nequeam
1006 3593 1111 3636 vocare
1129 3572 1260 3636 formam
1281 3577 1416 3640 maiden-

311 3687 398 3754 tnlem
407 3689 450 3752 rei
465 3687 650 3764 constitutae,
663 3693 699 3749 ut
710 3691 807 3770 patet,
818 3671 849 3746 et
863 3666 1065 3774 nori'debeam
1076 3704 1182 3746 vocare
1191 3686 1416 3753 substantialem

310 3799 382 3887 quia
396 3800 466 3865 licet
482 3800 533 3864 det
548 3797 682 3883 primum
697 3818 762 3860 esse
777 3802 895 3856 naturae
909 3793 1093 3873 constitutae,
1105 3801 1210 3858 tamen
1224 3818 1289 3860 non
1305 3797 1358 3863 dat
1369 3799 1416 3863 illi

310 3912 445 3998 primum
465 3933 530 3976 esse
549 3908 729 3975 substantiae
751 3909 835 3990 (nam
856 3905 991 3989 primum
1011 3926 1077 3968 esse
1099 3915 1217 3970 naturae
1236 3911 1416 3994 compositae

310 4046 374 4088 non
396 4033 442 4088 est
464 4023 599 4108 primum
622 4042 687 4084 esse
705 4016 853 4094 absolute,
869 4023 899 4078 et
921 4025 992 4079 ante
1014 4037 1136 4078 omnem
1160 4020 1415 4103 compositionem

309 4133 442 4218 intelligi
468 4130 636 4197 necessario
662 4128 752 4193 debet
777 4125 913 4210 primum
939 4147 1004 4188 esse
1030 4124 1211 4191 substantiae
1239 4130 1415 4218 simplicis),

309 4245 560 4328 vocaboformom
575 4241 697 4305 natural
703 4288 709 4299 ,
742 4287 749 4302 .
961 4313 966 4322 .

353 4356 405 4418 41.
429 4353 531 4437 Atque
553 4352 603 4414 hic
625 4349 732 4433 incipit
755 4368 899 4430 apparere
921 4346 1119 4430 aequivocatio
1141 4351 1414 4436 peripateticorum
